2476 3796
145 224 180 264 η
410 205 479 263 on
505 203 656 265 Burro
686 173 882 265 carasco

142 331 248 404 Gallia,
275 329 325 390 ille
352 329 508 390 minimum
534 341 655 408 propter
686 331 920 392 adolescentiam
952 325 1063 410 posset,
1090 343 1147 414 pe'r

141 449 174 491 se
188 429 326 491 crevisset
337 449 347 503 3
367 417 473 506 quibus
488 429 595 507 opibus
609 449 646 490 ac
659 429 755 490 nervis
769 449 832 490 non
845 433 942 491 solum
956 433 996 493 ad
1010 432 1144 496 minuen-

142 529 212 589 dam
225 526 358 605 gratiam,
374 529 428 588 sed
442 547 539 604 paene
553 529 592 588 ad
606 527 769 605 perniciem
788 550 872 590 suam
891 526 1028 594 utereturL
1072 536 1145 596 Sese

142 640 244 689 tamen
262 639 293 688 et
309 645 410 687 amore
426 627 555 687 fraterno
574 638 604 687 et
622 626 840 697 existimatione
856 628 936 707 vulgi
953 631 1144 693 commoveri.

111 726 234 806 5Quod
260 723 286 784 si
313 722 385 801 quid
413 723 440 784 ei
467 744 485 783 a
513 725 641 785 Caesare
667 722 782 801 gravius
804 724 968 799 accidisset,
990 725 1147 805 cumipse

143 844 213 884 eum
226 824 326 884 locum
340 820 487 882 amicitiae
500 823 582 898 apud
603 841 671 881 eum
690 833 813 894 teneret,
828 821 981 883 neminem
1001 823 1147 886 existima-

141 933 239 982 turum
259 939 321 980 non
342 940 395 980 sua
416 920 570 979 voluntate
590 920 701 978 factum
711 939 721 993 3
753 938 812 995 qua
836 939 872 979 ex
892 940 924 980 re
944 922 1081 996 futurum,
1102 921 1147 983 uti

141 1018 231 1080 totius
246 1016 361 1080 Galliae
379 1017 502 1077 animia
520 1037 552 1077 se
569 1028 775 1077 averterentur.
822 1020 910 1078 Haec
926 1037 995 1077 cum
1015 1018 1148 1096 pluribus

139 1116 237 1178 verbis
258 1118 331 1177 flens
347 1137 365 1176 a
379 1118 507 1176 Caesare
521 1125 644 1191 peteret,
660 1117 771 1176 Caesar
784 1114 846 1174 eius
861 1117 996 1177 dextram
1009 1119 1129 1196 prendit
1137 1139 1147 1194 3

97 1241 129 1278 ιο
142 1217 310 1278 consolatus
337 1226 429 1291 rogat,
454 1215 545 1274 finem
566 1212 670 1273 orandi
690 1213 797 1286 faciat3
831 1212 907 1274 tanti
927 1212 991 1274 eius
1011 1216 1094 1292 apud
1114 1234 1148 1276 se

141 1314 264 1395 gratiam
282 1333 348 1376 esse
371 1311 510 1385 ostendit,
529 1310 572 1371 uti
588 1322 618 1371 et
636 1310 678 1372 rei
697 1311 835 1389 publicae
853 1310 988 1372 iniuriam
1010 1324 1040 1373 et
1061 1332 1147 1373 suum

142 1413 276 1473 dolorem
291 1409 352 1469 eius
365 1406 511 1468 voluntati
525 1426 561 1466 ac
574 1407 711 1483 precibus
725 1408 887 1467 condonet.
930 1407 1147 1486 Dumnorigem

141 1511 181 1569 ad
210 1529 243 1569 se
267 1517 365 1581 vocat,
393 1507 512 1564 fratrem
540 1503 663 1563 adhibet
673 1524 683 1578 3
715 1502 846 1580 quaein
873 1522 910 1564 eo
937 1506 1145 1582 reprehendat,

142 1601 292 1676 ostendit3
314 1619 391 1677 quae
414 1597 480 1676 ipse
503 1597 663 1676 intellegat,
685 1617 761 1674 quae
783 1597 885 1658 civitas
909 1611 1056 1675 queratur,
1077 1619 1146 1677 pro·

94 1728 127 1787 15
141 1700 244 1778 ponit3
277 1710 389 1772 monet,
417 1710 450 1757 ut
472 1695 504 1756 in
523 1696 668 1772 reliquum
690 1709 808 1772 tempus
833 1716 937 1757 omnes
961 1697 1147 1775 suspiciones

139 1799 231 1872 vitet3
251 1795 408 1875 praeterita
426 1815 458 1855 se
476 1792 626 1854 Divitiaco
646 1792 725 1853 fratri
745 1796 915 1859 condonare
937 1794 1016 1856 dicit.
1053 1797 1148 1857 Dum·

141 1894 235 1974 norigi
256 1895 394 1955 custodes
418 1892 513 1971 ponit,
534 1904 576 1966 ut,
599 1912 676 1969 quae
698 1904 774 1970 agat,
798 1892 973 1969 quibuscum
997 1895 1145 1972 loquatur,

143 1996 216 2056 scire
231 1993 333 2072 possit.

204 2114 249 2152 21.
293 2093 411 2152 Eodem
429 2091 479 2152 die
501 2091 539 2150 ab
558 2089 791 2166 exploratoribus
810 2089 916 2150 certior
932 2093 1028 2150 sactus
1042 2093 1145 2152 hostes

93 2221 130 2259 20
143 2191 198 2251 sub
217 2198 320 2249 monte
341 2187 512 2248 consedisse
535 2186 617 2245 milia
634 2206 773 2263 passuum
788 2187 826 2246 ab
840 2186 932 2263 ipsius
946 2187 1049 2248 castris
1063 2199 1142 2262 octo,

143 2285 237 2364 qualis
256 2294 335 2345 esset
348 2293 452 2342 natura
466 2280 576 2341 montis
590 2292 619 2341 et
634 2281 729 2357 qualis
743 2281 774 2340 in
789 2281 911 2341 circuitu
926 2301 1074 2358 ascensus,
1090 2285 1143 2361 qui

142 2388 365 2459 cognoscerent,
386 2376 473 2436 misit.
517 2377 734 2436 Renuntiatum
761 2388 806 2438 est
833 2377 951 2438 facilem
979 2398 1051 2440 esse.
1096 2381 1145 2441 De

142 2477 344 2556 tertia-vigilia
365 2477 469 2537 Titum
487 2477 663 2550 Labienum,
682 2478 812 2554 legatum
834 2497 888 2554 pro
909 2489 1053 2554 praetore,
1075 2498 1146 2539 cum

143 2578 260 2636 duabus
287 2573 452 2652 legionibus
480 2584 509 2634 et
537 2573 579 2634 eis
607 2574 742 2648 ducibuS,
772 2575 823 2651 qui
850 2575 906 2635 iter
936 2589 1144 2655 cognoverant,

94 2699 128 2758 25
144 2692 295 2734 summum
313 2672 414 2749 iugum
434 2671 544 2731 montis
565 2674 726 2732 ascendere
747 2672 828 2731 iubet
838 2693 846 2746 3
867 2672 941 2748 quid
962 2673 1007 2733 sui
1027 2675 1144 2736 consilii

144 2772 189 2847 sit,
213 2769 351 2832 ostendit.
395 2772 465 2847 Ipse
489 2772 528 2830 de
557 2782 660 2847 quarta
686 2771 785 2849 vigilia
812 2774 920 2833 eodem
948 2772 1061 2847 itinere,
1083 2793 1144 2850 quo

143 2872 245 2931 hostes
265 2869 368 2941 ierant,
383 2869 422 2927 ad
443 2888 495 2928 eos
518 2869 672 2928 contendit
692 2868 916 2944 equitatumque
938 2889 1060 2930 omnem
1073 2881 1144 2931 ante

144 2987 177 3026 se
195 2965 291 3025 mittit.
335 2967 368 3025 P.
385 2964 553 3038 Considius,
569 2963 620 3040 qui
637 2964 680 3024 rei
696 2964 829 3024 militaris
850 2965 1043 3041 peritissimus
1057 2967 1146 3028 habe·

144 3063 230 3123 batur
251 3072 280 3122 et
298 3061 330 3121 in
351 3061 480 3122 exercitu
494 3063 527 3120 L.
544 3062 643 3121 Sullae
657 3071 686 3122 et
700 3071 806 3138 postea
820 3060 851 3119 in
867 3063 909 3120 M.
926 3061 1025 3123 Crassi
1039 3063 1142 3138 suerat,

95 3184 132 3240 30
145 3181 215 3220 cum
246 3159 478 3236 exploratoribus
507 3158 710 3236 praemittitur.
755 3179 801 3217 aa·
845 3159 943 3218 Prima
970 3160 1046 3233 luce,
1076 3180 1146 3220 curn

145 3275 279 3317 summus
298 3274 385 3314 mons
405 3275 424 3313 a
444 3254 579 3313 Labieno
595 3264 751 3327 teneretur,
767 3253 831 3331 ipse
845 3254 883 3313 ab
898 3254 1029 3314 hostiurn
1043 3256 1145 3316 castris

145 3373 206 3416 non
227 3350 343 3430 longius
367 3351 448 3412 mille
472 3362 503 3412 et
527 3350 695 3429 quingentis
723 3351 858 3428 passibus
886 3353 1011 3424 abesset,
1035 3372 1142 3430 neque,

122 3460 174 3508 rur
184 3459 300 3522 postea
326 3467 366 3509 ex
391 3447 518 3527 captivis
546 3447 700 3528 comperit,
723 3457 774 3508 aut
801 3446 893 3525 ipsius
921 3449 1066 3509 adventus
1093 3460 1146 3511 aut
