2476 3796
395 192 482 251 ΜΒ.
504 191 569 250 III.
616 186 707 250 cAP.
732 187 817 246 2-6.
1082 203 1099 259 3

107 347 204 425 primo
217 343 337 422 integris
350 342 459 403 viribus
471 341 585 401 fortiter
598 357 761 416 repugnare
775 355 872 413 neque
887 337 980 395 ullum
998 335 1103 394 frustra

108 446 200 503 telum
214 462 250 503 ex
262 442 330 500 loco
344 438 495 515 superiore
509 437 634 510 mittere,
650 446 682 495 ut
697 451 832 512 quaeque
850 452 918 509 pars
939 442 1102 491 castrorum

107 540 220 598 nudata
245 535 450 597 defensoribus
477 533 572 611 premi
592 532 755 603 videbatur,
777 548 814 590 eo
829 547 981 590 occanere
1001 538 1032 588 et
1052 547 1103 590 au·

107 634 208 695 xilium
234 637 317 706 ferre,
340 634 393 692 sed
419 632 478 691 hoc
505 628 642 706 superari,
665 628 747 705 quod
771 624 963 686 diuturnitate
983 643 1102 701 pugnae

107 733 207 792 hostes
221 730 328 791 defessi
342 727 454 806 proelio
468 727 660 799 excedebant,
676 724 725 784 alii
738 723 858 800 integris
876 721 985 782 viribus
1004 740 1102 781 succe·
1131 728 1147 788 5

107 827 236 902 debant3
263 844 387 902 quarum
407 842 504 883 rerum
524 841 543 882 a
562 821 669 881 nostris
688 830 810 897 propter
832 816 1012 895 paucitatem
1039 815 1103 877 fieri

107 920 180 982 nihil
202 933 328 999 poterat,
348 939 384 980 ac
411 938 474 979 non
494 918 587 977 modo
613 917 730 977 defesso
751 935 788 975 ex
808 933 909 992 pugna
928 911 1100 986 excedendi,

107 1021 161 1081 sed
174 1039 213 1080 ne
226 1019 327 1079 saucio
346 1016 467 1094 quidem
486 1015 549 1075 eius
567 1013 634 1090 loci,
651 1014 704 1074 ubi
722 1012 902 1084 constiterat,
916 1010 1101 1088 relinquendi

107 1137 142 1176 ac
160 1117 206 1177 sui
224 1115 387 1193 recipiendi
405 1116 526 1175 facultas
548 1115 680 1174 dabatur.
725 1131 751 1190 5.
796 1114 874 1174 Cum
894 1109 955 1170 iam
974 1109 1101 1186 amplius

107 1213 186 1274 horis
210 1232 263 1272 sex
284 1211 471 1271 continenter
491 1220 670 1286 pugnaretur
690 1227 726 1268 ac
747 1227 811 1268 non
832 1209 929 1267 solum
950 1207 1026 1267 vires
1048 1207 1100 1268 sed
1112 1229 1147 1267 ro

107 1309 196 1369 etiarn
215 1310 274 1368 tela
292 1317 408 1366 nostros
428 1307 595 1378 deficerent,
616 1317 706 1381 atque
726 1306 828 1364 hostes
846 1303 941 1364 acrius
958 1302 1101 1363 instarent

107 1404 399 1483 languidioribusque
413 1403 519 1464 nostris
532 1405 642 1463 vallum
657 1403 791 1463 scindere
805 1415 835 1464 et
845 1404 938 1462 fossas
949 1403 1100 1478 complere

107 1500 285 1576 coepissent,
300 1518 406 1575 resque
420 1510 498 1560 esset
511 1497 570 1557 iam
588 1500 627 1558 ad
646 1510 808 1560 extremum
827 1500 971 1576 perducta
988 1513 1098 1571 casum,

106 1601 139 1657 P.
155 1597 269 1658 Sextius
284 1599 417 1670 Baculus,
430 1596 517 1674 primi
530 1596 584 1675 pili
594 1597 734 1671 centurio,
747 1616 836 1673 quem
848 1596 976 1656 Nervico
986 1595 1100 1672 proelio

105 1692 305 1770 compluribus
326 1694 495 1753 confectum
516 1692 684 1753 vulneribus
705 1692 842 1766 diximus,
864 1703 895 1752 et
914 1690 985 1751 item
1007 1690 1144 1772 Gaius15

103 1790 281 1860 Volusenus,
295 1787 429 1848 tribunus
443 1787 579 1861 militum,
593 1787 637 1847 vir
650 1799 680 1848 et
694 1788 809 1849 consilii
823 1787 923 1865 magni
935 1797 965 1848 et
974 1785 1096 1860 virtutis,

104 1883 143 1942 ad
156 1882 283 1942 Galbam
296 1882 454 1942 adcurrunt
467 1892 557 1958 atque
571 1901 661 1941 unam
675 1901 740 1943 esse
754 1902 838 1960 spem
858 1881 959 1942 salutis
977 1882 1097 1956 docent,

104 1979 129 2038 si
141 1979 294 2056 eruptione
307 1981 385 2039 facta
398 1990 561 2040 extremum
581 1980 720 2039 auxilium
740 1979 946 2056 experirentur.
990 1980 1097 2056 Itaque

103 2075 273 2136 convocatis
299 2075 519 2136 centurionibus
547 2076 680 2136 celeriter
706 2077 815 2136 milites
847 2075 984 2137 certiores
1015 2075 1096 2149 facit,

103 2169 250 2248 paulisper
262 2170 489 2231 intermitterent
502 2171 649 2248 proelium
662 2191 698 2231 ac
711 2172 920 2233 tantummodo
934 2173 994 2233 tela
1006 2171 1096 2233 missa
1106 2196 1143 2237 20

103 2267 273 2344 exciperent
299 2286 390 2344 seque
411 2287 448 2326 ex
467 2269 569 2328 labore
589 2270 751 2343 reficerent,
772 2280 842 2346 post
862 2270 933 2329 dato
954 2268 1039 2346 signo
1060 2289 1097 2333 ex

103 2361 203 2422 castris
229 2372 415 2438 erumperent
442 2372 532 2439 atque
556 2382 677 2424 omnem
702 2383 786 2441 spem
813 2364 915 2425 salutis
934 2363 966 2425 in
987 2363 1096 2433 virtute

102 2469 255 2536 ponerent.
298 2463 324 2518 6.
368 2460 461 2534 Quod
473 2460 544 2520 iussi
563 2472 639 2535 sunt,
654 2461 766 2523 faciunt
784 2482 820 2522 ac
838 2463 937 2524 subito
955 2463 1094 2527 omnibus

101 2556 193 2633 portis
208 2555 361 2632 eruptione
374 2557 453 2616 facta
466 2575 565 2634 neque
578 2559 788 2636 cognoscendi,
803 2559 875 2636 quid
890 2561 982 2634 fieret,
996 2579 1094 2636 neque

101 2652 146 2712 sui
171 2651 329 2728 colligendi
355 2651 491 2712 hostibus
517 2655 688 2715 facultatem
715 2654 893 2732 relinquunt.
937 2656 986 2716 Ita
1011 2675 1138 2747 com-25

100 2758 213 2808 mutata
239 2749 356 2807 fortuna
382 2765 442 2821 eos,
466 2747 570 2824 quiin
592 2769 675 2826 spem
698 2750 909 2828 potiundorum
930 2761 1092 2812 castrorum

99 2853 249 2916 venerant,
264 2842 395 2918 undique
408 2842 624 2905 circumventos
637 2845 818 2907 interficiunt
832 2858 861 2908 et
880 2866 918 2907 ex
935 2847 1092 2909 hominum

99 2937 217 2999 milibus
243 2937 369 3014 amplius
392 2937 518 3016 triginta,
541 2959 630 3016 quern
653 2961 809 3002 numerum
833 2943 1024 3005 barbarorum
1051 2945 1092 3006 ad

98 3045 192 3095 castra
203 3034 318 3095 venisse
332 3039 496 3110 constabat,
510 3039 577 3114 plus
592 3039 678 3099 tertia
690 3050 772 3117 parte
791 3041 944 3102 interfecta
961 3041 1092 3120 reliquos

97 3130 263 3207 perterritos
276 3131 307 3190 in
320 3134 420 3210 fugam
434 3133 585 3194 coniciunt
597 3154 634 3194 ac
647 3155 686 3196 ne
703 3135 735 3195 in
751 3137 824 3197 locis
843 3138 965 3215 quidem
983 3138 1138 3221 superi-30

97 3226 195 3289 oribus
220 3227 381 3290 consistere
407 3229 567 3306 patiuntur.
609 3230 658 3292 Sic
684 3233 823 3294 omnibus
843 3234 974 3296 hostium
994 3234 1092 3315 copiis

96 3322 167 3383 fusis
187 3322 334 3400 armisque
353 3325 448 3386 exutis
473 3345 507 3387 se
527 3327 560 3388 in
580 3339 676 3389 castra
696 3329 936 3409 munitionesque
956 3350 1026 3395 suaa
1045 3350 1091 3397 re·
1127 3224 1183 3541 ⁴

96 3414 218 3494 cipiunt.
260 3417 330 3491 Quo
343 3419 456 3495 proelio
465 3421 554 3496 sacto,
566 3421 647 3498 quod
656 3422 773 3500 saepius
782 3424 932 3485 fortunam
941 3432 1094 3501 tempure

170 3549 196 3593 a
209 3550 233 3594 c
250 3551 296 3594 ιιι.
370 3572 374 3581 ·
1022 3550 1047 3587 ’δ
1179 3554 1183 3563 ’
