2476 3796
410 217 496 279 LIB.
521 219 548 277 I.
575 217 666 277 CAP.
690 235 796 294 5-10.
1084 235 1099 292 5

100 343 219 406 inimico
233 344 334 406 animo
349 347 419 406 data
431 348 572 407 facultate
581 367 634 424 per
651 345 834 423 provinciam
846 344 957 406 itineris
971 344 1102 408 faciundi

101 453 314 519 temperaturos
334 444 372 503 ab
394 441 498 503 iniuria
518 453 549 503 et
569 441 715 502 maleficio
737 441 932 502 existimabat.
975 445 1100 518 Tamen,

101 550 133 599 ut
146 539 274 616 spatium
287 539 470 600 intercedere
488 551 599 616 posset,
618 539 691 598 dum
711 538 829 614 milites,
847 558 923 615 quos
941 535 1102 616 imperave

100 646 152 710 rat,
169 634 369 709 convenirent,
385 634 489 711 legatis
509 634 666 712 respondit
683 634 764 694 diem
779 655 810 695 se
824 636 863 694 ad
877 633 1102 695 deliberandum

100 742 303 807 sumpturum:
331 729 355 790 si
376 731 448 807 quid
468 733 586 806 vellent,
618 732 658 790 ad
686 732 729 790 Id.
760 729 851 807 April.
879 741 1100 790 reverterentur.
1134 742 1150 801 5

101 828 132 886 8:
171 829 290 889 Interea
311 846 347 888 ea
367 828 491 906 legione,
511 847 600 905 quarn
615 848 717 888 secum
731 828 869 903 habebat,
888 826 1099 905 militibusque,

101 923 152 1003 qui
165 945 202 986 ex
214 924 366 1002 provincia
379 937 586 1001 convenerant,
599 945 617 983 a
630 927 696 984 lacu
706 927 869 999 Lemanno,
888 924 981 1001 quiin
991 927 1102 986 flumen

101 1019 284 1079 Rhodanum
297 1019 401 1094 influit,
419 1021 459 1079 ad
473 1030 606 1080 montem
619 1022 727 1094 Iuram,
745 1018 796 1096 qui
810 1021 884 1080 fines
898 1022 1102 1096 Sequanorum

99 1118 138 1176 ab
153 1116 300 1177 Helvetiis
315 1115 429 1191 dividit,
445 1115 527 1175 milia
539 1135 681 1193 passuum
697 1117 927 1177 decemnovem
940 1136 1056 1176 murum
1070 1117 1102 1176 in

99 1211 286 1273 altitudinem
299 1213 412 1290 pedum
425 1211 557 1272 sedecim
570 1213 743 1289 fossamque
754 1209 899 1288 perducit.
943 1214 990 1271 Eo
1011 1231 1102 1288 opere
1118 1233 1152 1272 ro

99 1311 230 1385 perfecto
251 1308 399 1386 praesidia
413 1307 554 1386 disponit,
571 1311 693 1369 castella
707 1309 881 1383 communit,
900 1329 961 1385 quo
975 1309 1097 1384 facilius,

99 1405 123 1465 si
144 1426 176 1467 se
196 1405 290 1466 invito
310 1405 433 1466 transire
454 1419 639 1481 conarentur,
656 1405 814 1484 prohibere
834 1419 945 1485 posset.
988 1407 1051 1468 Ubi
1065 1428 1101 1468 ea

71 1505 74 1512 '
98 1501 171 1577 dies,
188 1520 279 1576 quam
300 1502 492 1563 constituerat
512 1522 582 1561 cum
596 1503 708 1579 legatis,
725 1502 816 1574 venit,
832 1515 861 1564 et
875 1501 964 1581 legati
977 1505 1017 1563 ad
1031 1523 1100 1563 eum

98 1610 287 1674 reverterunt,
302 1610 391 1678 negat
406 1620 438 1660 se
448 1620 531 1661 more
546 1611 577 1660 et
591 1603 728 1677 exemplo
742 1600 847 1677 populi
863 1601 992 1661 Romani
1011 1620 1099 1677 posse

98 1695 153 1756 iter
179 1697 232 1757 ulli
251 1717 305 1774 per
324 1697 506 1776 provinciam
534 1699 604 1758 dare
626 1709 663 1772 et,
688 1697 712 1757 si
738 1698 798 1757 vim
820 1701 916 1758 facere
944 1709 1097 1773 conentur,
1114 1721 1149 1781 15

97 1795 311 1871 prohibiturum
346 1797 483 1857 ostendit
536 1795 669 1856 Helvetii
697 1816 733 1856 ea
759 1815 812 1872 spe
840 1795 947 1857 deiecti
973 1798 1098 1858 navibus

97 1889 205 1950 iunctis
225 1891 396 1968 ratibusque
418 1892 620 1969 compluribus
643 1892 737 1965 factis,
764 1892 813 1951 alii
836 1892 920 1952 vadis
946 1892 1096 1968 Rhodani,

99 2005 159 2063 qua
177 1985 300 2047 minima
327 1973 453 2048 altitudo
474 1987 604 2047 fluminis
625 2000 695 2062 erat,
718 2008 935 2066 nonnunquam
961 1989 1098 2066 interdiu,

98 2082 214 2160 saepius
228 2095 328 2158 noctu,
340 2082 364 2145 si
373 2104 562 2162 pennmpere
571 2097 701 2161 possent,
716 2083 816 2146 conati
827 2085 924 2163 operis
935 2086 1101 2149 munitione

97 2192 127 2240 et
147 2180 273 2241 militum
295 2201 441 2242 concursu
462 2192 492 2242 et
512 2181 579 2242 telis
593 2182 702 2258 repulsi
717 2183 776 2242 hoc
790 2194 899 2242 conatu
914 2183 1099 2244 destiterunt.
1115 2208 1151 2245 ao

99 2299 125 2354 9.
170 2278 408 2357 Relinquebatur
434 2299 495 2339 una
521 2299 574 2357 per
601 2282 757 2355 Sequanos
784 2277 840 2352 via,
870 2299 930 2356 qua
956 2280 1100 2357 Sequanis

96 2372 195 2436 invitis
222 2387 344 2454 propter
364 2377 513 2454 angustias
534 2376 576 2436 ire
604 2396 666 2437 non
686 2387 832 2453 poterant.
864 2363 935 2436 vHis
956 2395 1025 2436 cum
1046 2398 1099 2437 sua

98 2483 204 2548 sponte
232 2473 407 2550 persuadere
427 2493 490 2532 non
516 2484 648 2550 possent,
671 2474 784 2548 legatos
812 2474 852 2533 ad
880 2472 1099 2550 Dumnorigem

97 2568 237 2628 Aeduum
250 2568 380 2642 mittunt,
399 2579 433 2628 ut
447 2588 484 2628 eo
499 2569 692 2646 deprecatore
706 2589 725 2628 a
738 2567 883 2646 Sequanis
897 2568 1110 2645 impetrarent'

98 2665 265 2725 Dumnorix
291 2665 385 2743 gratia
411 2677 441 2726 et
469 2667 624 2744 largitione
652 2667 734 2743 apud
761 2667 913 2742 Sequanos
941 2665 1099 2742 plurimum
1114 2685 1149 2744 ²5

97 2772 213 2837 poterat
240 2771 270 2821 et
298 2761 445 2821 Helvetiis
473 2774 535 2821 erat
568 2760 689 2835 amicus,
725 2763 807 2837 quod
841 2779 878 2820 ex
912 2780 948 2820 ea
981 2761 1100 2822 civitate

98 2856 277 2935 Orgetorigis
304 2858 396 2917 filiam
416 2858 447 2917 in
475 2857 695 2918 matrimonium
722 2859 854 2932 duxerat,
878 2869 908 2917 et
935 2858 1099 2935 cupiditate

96 2953 179 3031 regni
205 2955 351 3014 adductus
381 2953 466 3015 novis
496 2955 584 3014 rebus
615 2954 754 3015 studebat
781 2965 812 3014 et
840 2973 929 3030 quam
957 2954 1099 3031 plurimas
1144 3013 1148 3023 ,

97 3050 229 3111 civitates
257 3070 311 3110 suo
332 3051 478 3112 beneficio
500 3053 610 3111 habere
638 3050 793 3112 obstrictas
819 3052 948 3111 volebat.
992 3054 1099 3128 Itaque

96 3167 159 3208 rem
186 3145 307 3224 suscipit
336 3157 365 3206 et
393 3167 411 3206 a
438 3145 582 3223 Sequanis
609 3145 758 3222 impetrat,
787 3156 820 3205 ut
847 3166 901 3222 per
928 3147 1001 3207 fines
1030 3167 1099 3208 suos
1113 3169 1150 3226 30

95 3244 254 3306 Helvetios
281 3245 323 3305 ire
349 3244 506 3322 patiantur,
536 3244 715 3321 obsidesque
742 3241 785 3304 uti
810 3241 887 3303 inter
917 3262 982 3303 sese
1014 3245 1095 3320 dent,

96 3342 224 3422 perficit:
245 3342 381 3419 Sequani,
409 3363 447 3402 ne
469 3340 574 3401 itinere
599 3339 755 3401 Helvetios
775 3339 965 3417 prohibeant;
990 3343 1100 3403 Helve-

96 3440 138 3517 tii,
167 3451 200 3501 ut
217 3438 291 3502 ¹sine
318 3439 465 3500 maleficio
493 3451 523 3500 et
550 3436 654 3499 iniuria
681 3448 837 3499 transeant.
891 3458 935 3496 10.
977 3437 1098 3500 Caesari
