2476 3796
385 216 472 276 LIB.
494 218 522 278 J.
570 216 662 277 CAP.
687 218 813 291 28—31.
1069 230 1102 287 17

109 342 199 405 totius
226 343 340 405 Galliae
368 343 400 404 in
427 344 508 405 diem
541 353 651 403 certam
685 340 816 403 indicere
853 339 945 418 idque
972 340 1107 404 Caesaris

108 441 261 500 voluntate
278 442 375 501 facere
393 438 512 501 liceret:
532 459 597 500 sese
615 440 724 499 habere
745 439 890 516 quasdam
907 458 962 512 res,
979 457 1052 514 quas
1072 457 1109 498 ex

110 535 263 596 communi
286 556 434 596 consensu
457 538 495 596 ab
513 556 551 597 eo
568 547 669 613 petere
687 537 804 595 vellent.
848 538 894 594 Ea
914 555 947 596 re
967 534 1111 612 permissa

99 631 190 693 ,diem
203 633 330 694 coneilio
344 633 559 694 constituerunt
572 643 602 693 et
616 632 812 705 iureiurand0,
831 651 870 691 ne
889 631 955 709 quis
975 631 1111 693 enuntia·

109 741 161 804 ret,
184 729 241 790 nisi
264 730 371 808 quibus
395 730 548 791 communi
575 730 699 790 consilio
721 730 896 789 mandatum
919 739 1004 802 esset,
1033 728 1109 790 inter
1142 747 1158 807 5

109 844 142 884 se
169 837 335 887 sanxerunt.
378 847 425 903 31.
468 829 515 887 Eo
542 827 670 887 concilio
701 826 825 886 dimisso
853 825 934 884 idem
961 825 1109 902 principes

110 920 269 997 civitatum,
292 922 344 1000 qui
365 934 434 983 ante
452 925 576 995 fuerant,
592 923 630 982 ad
650 924 808 984 Caesarem
825 932 1006 981 reverterunt
1020 921 1111 998 petie-

110 1029 244 1095 runtque,
268 1018 311 1080 uti
332 1020 387 1080 sibi
409 1031 523 1080 secreto
551 1021 590 1080 de
619 1039 672 1080 sua
699 1018 892 1095 omniumque
920 1020 1013 1078 salute
1040 1037 1110 1077 curn

110 1132 147 1173 eo
161 1134 247 1192 agere
260 1114 369 1176 liceret.
411 1118 456 1176 Ea
469 1135 500 1176 re
514 1115 671 1192 impetrata
685 1134 749 1174 sese
764 1133 868 1175 omnes
877 1113 980 1173 flentes
991 1113 1110 1174 Caesari

111 1211 150 1270 ad
177 1212 271 1288 pedes
298 1211 504 1289 proiecerunt:
543 1214 614 1271 Non
642 1211 741 1271 minus
764 1230 797 1271 se
818 1209 849 1270 id
876 1211 1058 1271 contendere
1080 1220 1110 1270 et
1125 1232 1161 1270 10

110 1309 251 1384 laborare,
279 1329 319 1371 ne
345 1330 389 1383 ea,
411 1329 489 1387 quae
515 1309 664 1382 dixissent,
692 1307 920 1381 enuntiarentur,
949 1327 1040 1384 quam
1067 1308 1111 1369 uti

111 1424 155 1478 ea,
167 1425 244 1482 quae
257 1406 375 1479 vellent,
391 1406 591 1483 impetrarent,
606 1416 764 1483 propterea
776 1405 868 1483 quod,
884 1405 908 1464 si
922 1404 1110 1466 enuntiatum

111 1514 197 1576 esset,
209 1523 359 1563 summum
373 1503 404 1562 in
418 1502 581 1563 cruciatum
602 1522 635 1562 se
648 1513 787 1562 venturos
800 1502 942 1562 viderent.
977 1504 1109 1562 Locutus

75 1626 77 1632 ¹
111 1610 156 1659 est
174 1595 228 1677 pro
242 1600 288 1661 his
310 1599 473 1660 Divitiacus
486 1600 630 1661 Aeduus:
656 1598 770 1658 Galliae
784 1599 873 1658 totius
887 1597 1031 1658 sactiones
1045 1617 1110 1659 esse

111 1697 205 1779 duas:
226 1699 330 1758 harum
352 1697 471 1758 alterius
492 1697 689 1774 principatum
712 1707 813 1757 tenere
835 1697 967 1768 Aeduos
992 1695 1110 1756 alterius
1126 1715 1159 1774 15

110 1799 266 1858 Arvernos
309 1796 354 1857 Hi
381 1816 451 1856 cum
478 1808 561 1857 tanto
589 1816 679 1873 opere
714 1797 752 1855 de
786 1805 941 1871 potentatu
970 1794 1047 1854 inter
1078 1814 1110 1855 se

112 1893 221 1954 multos
249 1912 343 1954 annos
367 1894 590 1966 contenderent,
613 1894 724 1952 sactum
748 1911 820 1965 esse,
844 1892 888 1951 uti
913 1892 951 1951 ab
971 1892 1110 1952 Arvernis

112 1988 315 2066 Sequanisque
330 1989 471 2051 Germani
486 1990 622 2049 mercede
632 1997 853 2047 arcesserentur.
888 1988 1006 2046 Horum
1015 1987 1111 2063 primo

70 2084 72 2086 ’
111 2085 225 2146 circiter
251 2086 333 2146 milia
352 2104 396 2146 xv
417 2089 558 2147 Rhenum
579 2083 734 2145 transisse:
762 2094 957 2160 posteaquam
977 2103 1062 2160 agros
1083 2094 1114 2144 et

111 2183 224 2243 cultum
237 2194 267 2244 et
283 2184 383 2261 copias
398 2185 551 2245 Gallorum
568 2181 704 2242 homines
723 2182 775 2241 seri
791 2200 827 2239 ac
845 2180 961 2240 barbari
981 2181 1114 2242 adamas·
1125 2209 1162 2247 20

112 2290 186 2354 sent,
201 2280 352 2340 traductos
375 2283 494 2359 plures:
518 2300 598 2340 nunc
622 2298 686 2339 esse
704 2278 736 2337 in
761 2278 858 2338 Gallia
878 2278 917 2337 ad
941 2289 1062 2338 centum
1083 2289 1113 2339 et

112 2394 159 2436 xx
171 2376 285 2436 milium
299 2397 465 2438 numemm.
507 2379 587 2439 Cum
605 2375 650 2437 his
669 2377 792 2436 Aeduos
811 2394 973 2452 eorumque
990 2375 1112 2435 clientes

113 2474 205 2535 semel
218 2483 307 2550 atque
321 2473 427 2533 itemm
436 2474 523 2533 armis
535 2472 724 2532 contendisse
736 2494 744 2546 3
767 2490 906 2547 magnam
915 2471 1114 2530 calamitatem

112 2572 213 2650 pulsos
242 2570 402 2649 accepisse,
433 2589 554 2630 omnem
587 2568 783 2639 nobilitatem,
818 2586 939 2634 omnem
968 2577 1112 2641 senatum,

114 2686 234 2728 omnem
243 2666 407 2755 equitatum
418 2655 557 2725 amisisse.
588 2665 704 2739 Quibus
714 2663 832 2740 proeliis
842 2660 1115 2738 calamitatibusque
1128 2694 1142 2731 2
1147 2689 1162 2749 5

113 2764 228 2835 fractos,
244 2761 295 2838 qui
309 2772 339 2821 et
357 2780 411 2820 sua
427 2761 535 2820 virtute
553 2770 582 2820 et
604 2759 707 2837 populi
726 2757 857 2818 Romani
877 2755 1005 2834 hospitio
1026 2767 1115 2832 atque

114 2858 244 2919 amicitia
266 2856 425 2935 plurimum
445 2868 514 2916 ante
534 2856 566 2915 in
588 2856 685 2917 Gallia
705 2854 879 2932 potuissent,
905 2863 1026 2913 coactos
1049 2872 1113 2912 esse

115 2956 258 3032 Sequanis
279 2955 398 3016 obsides
420 2956 491 3015 dare
512 2953 713 3014 nobilissimos
734 2952 859 3012 civitatis
879 2962 908 3010 et
928 2948 1116 3010 iureiurando

115 3052 264 3112 civitatem
282 3051 471 3127 obstringere,
490 3070 554 3110 sese
575 3070 674 3126 neque
695 3048 813 3110 obsides
827 3047 1003 3124 repetituros
1016 3068 1115 3124 neque

116 3147 257 3208 auxilium
275 3167 294 3208 a
310 3150 422 3225 populo
437 3151 576 3207 Romano
590 3147 797 3223 imploraturos
812 3166 908 3222 neque
922 3162 1116 3223 recusaturos,
1127 3185 1165 3242 30

113 3263 177 3322 quo
203 3242 302 3302 minus
328 3253 471 3320 perpetuo
502 3244 557 3302 sub
583 3241 699 3302 illomm
726 3240 845 3300 dicione
872 3252 962 3317 atque
992 3242 1116 3320 imperio

117 3350 223 3401 essent.
266 3341 370 3400 Unum
398 3358 429 3399 se
456 3358 521 3399 esse
546 3358 583 3398 ex
610 3337 691 3397 omni
719 3336 836 3396 civitate
861 3338 1041 3411 Aeduomm,
1065 3337 1119 3414 qui

117 3434 227 3499 adduci
252 3455 315 3497 non
341 3435 467 3513 potuerit
495 3446 528 3496 ut
554 3434 663 3496 iuraret
689 3445 742 3495 aut
765 3433 883 3495 liberos
907 3453 986 3492 suos
1010 3432 1144 3490 (ζώω
