2476 3796
146 201 182 259 16
415 200 485 259 DE
509 199 661 261 BELLO
692 198 887 262 GALLICO

144 329 226 390 domi
246 328 320 389 nihil
341 339 410 403 erat,
429 347 490 406 quo
511 330 621 389 famem
641 331 808 403 tolerarent,
824 326 1034 406 Allobrogibus
1047 325 1142 404 impe·

143 425 225 498 ravit,
242 437 275 486 ut
295 425 336 486 eis
356 423 494 485 frumenti
513 423 631 502 copiam
651 426 799 486 facerent:
819 409 1032 502 ipsos'oppida
1050 422 1145 484 vicos-

144 542 211 600 que,
241 541 316 599 quos
341 519 542 595 incenderant,
572 518 725 580 restituere
752 518 843 580 iussit.
887 521 925 580 Id
953 539 988 581 ea
1015 518 1143 581 maxime

143 616 256 678 ratione
270 615 348 689 fecit,
364 617 447 693 quod
461 615 557 675 noluit
576 635 645 675 eum
664 616 772 688 locum,
787 615 869 675 unde
889 613 1021 675 Helvetii
1035 613 1144 675 disces-

111 723 250 787 sserant,
278 731 392 784 vacare,
420 730 459 771 ne
486 722 608 788 propter
634 709 800 771 bonitatem
827 730 964 787 agrorum
992 708 1142 781 Germani,

144 807 193 885 qui
215 821 295 868 trans
316 809 458 868 Rhenum
478 806 656 879 incolunt,e
676 807 735 866 suis
757 807 863 866 finibus
884 807 916 865 in
935 805 1144 866 Helvetiorum

144 907 217 964 fines
239 904 395 964 transirent
417 914 445 963 et
467 902 584 962 finitimi
598 901 712 963 Galliae
733 902 902 979 provinciae
923 901 1144 979 Allobrogibus-

143 1020 202 1077 que
223 1010 331 1059 essent.
374 997 464 1059 Boios
485 998 655 1075 petentibus
672 997 794 1070 Aeduis,
810 999 892 1075 quod
907 997 1023 1076 egregia
1036 997 1144 1058 virtute

144 1109 226 1158 erant
253 1094 372 1174 cogniti,
400 1108 433 1157 ut
460 1094 492 1156 in
522 1095 630 1155 finibus
665 1093 725 1154 suis
760 1097 949 1168 collocarent,
978 1094 1144 1170 concessit;

95 1223 131 1261 10
144 1195 251 1272 quibus
271 1194 314 1253 illi
333 1214 419 1271 agros
440 1193 586 1254 dederunt
608 1212 743 1269 quosque
764 1204 870 1269 postea
890 1192 921 1251 in
941 1211 1044 1268 parem
1071 1191 1141 1252 iuris

144 1291 345 1368 libertatisque
379 1289 596 1363 condicionem,
624 1301 715 1365 atque
748 1288 805 1366 ipsi
839 1301 931 1362 eran-t,
958 1301 1142 1368 receperunt

146 1409 192 1464 29.
235 1390 273 1447 In
294 1386 395 1447 castris
418 1386 626 1447 Helvetiorum
646 1387 765 1446 tabulae
785 1397 918 1464 repertae
945 1399 1014 1446 sunt
1041 1387 1144 1448 litteris

146 1483 265 1544 Graecis
287 1485 441 1544 confectae
462 1492 492 1541 et
511 1484 551 1542 ad
565 1484 723 1544 Caesarem
737 1485 854 1556 relatae,
870 1481 978 1558 quibus
991 1483 1023 1542 in
1037 1482 1145 1550 tabulis

144 1576 320 1638 nominatim
341 1576 415 1637 ratio
437 1579 572 1638 confecta
592 1589 663 1651 erat,
686 1575 737 1655 qui
758 1597 896 1637 numerus
917 1580 1009 1638 domo
1037 1577 1145 1639 exisset

95 1699 129 1759 15
145 1695 256 1749 eorum,
278 1674 329 1752 qui
349 1694 430 1735 arma
450 1677 524 1734 serre
552 1687 682 1751 possent,
711 1685 741 1734 et
768 1673 840 1734 item
868 1676 1026 1752 separatim
1053 1675 1145 1753 pueri,

145 1792 231 1833 senes
253 1773 458 1848 mulieresque.
502 1774 636 1848 Quarum
657 1770 791 1831 omnium
815 1792 912 1831 rerum
940 1792 1057 1832 summa
1083 1783 1146 1834 erat

145 1866 275 1945 capitum
310 1867 520 1928 Helvetiorum
555 1868 637 1928 milia
671 1886 796 1943 ccrxru,
832 1868 1029 1945 Tulingorum
1063 1866 1146 1927 milia

145 1980 255 2032 xxxvr,
285 1962 512 2040 Latobrigorum
547 1981 627 2036 xun,
659 1964 854 2024 Rauricorum
881 1981 974 2037 xxur,
1003 1963 1145 2025 Boiorum

144 2078 256 2134 xxx113
290 2081 327 2120 ex
358 2060 412 2133 his,
442 2061 493 2137 qui
524 2081 607 2121 arma
633 2065 707 2122 ferre
734 2075 865 2139 possent,
894 2064 934 2122 ad
960 2061 1042 2122 milia
1068 2080 1142 2122 xcu.

94 2183 131 2220 20
146 2158 268 2215 Summa
289 2157 422 2216 omnium
442 2160 561 2219 fuerunt
581 2160 621 2218 ad
641 2158 722 2218 milia
743 2176 906 2218 cccrxvnr.
951 2161 1071 2232 Eorum,
1093 2159 1145 2236 qui

145 2251 270 2310 domum
297 2252 456 2326 redierunt,
485 2274 575 2314 censu
603 2255 714 2327 habito,
742 2267 775 2315 ut
802 2257 912 2316 Caesar
939 2253 1142 2331 imperaverat,

144 2361 276 2426 repertus
290 2361 334 2408 est
348 2369 488 2409 numerus
503 2351 616 2410 milium
631 2369 650 2411 c
664 2363 693 2411 et
707 2370 738 2411 x.

205 2466 252 2521 30.
295 2447 378 2506 Bello
414 2447 621 2507 Helvetiorum
652 2451 789 2507 confecto
820 2448 910 2509 totius
942 2452 1002 2509 fere
1031 2450 1144 2512 Galliae

144 2541 240 2618 legati,
250 2541 397 2618 principes
411 2541 571 2614 civitatum,
587 2544 626 2602 ad
641 2546 799 2604 Caesarem
809 2546 986 2620 gratulatum
1001 2566 1145 2607 convene·

94 2661 128 2720 25
144 2647 231 2696 runt:
254 2639 428 2713 Intellegere
452 2657 524 2712 sese,
548 2640 665 2700 tametsi
688 2660 742 2718 pro
763 2641 911 2700 veteribus
936 2640 1144 2702 Helvetiorum

144 2734 256 2795 iniuriis
269 2735 372 2811 populi
387 2736 516 2794 Romani
531 2739 569 2796 ab
583 2737 628 2795 his
641 2757 753 2813 poenas
774 2739 853 2797 bello
867 2737 1029 2813 repetisset,
1044 2749 1146 2800 tamen

145 2849 211 2889 earn
237 2851 301 2890 rem
324 2850 385 2890 non
408 2830 505 2890 minus
530 2851 567 2890 ex
591 2817 646 2891 u'su
674 2844 766 2892 terrae
795 2831 909 2892 Galliae
931 2853 1019 2908 quam
1041 2835 1145 2912 populi

145 2928 275 2987 Romani
288 2928 440 3002 accidisse,
454 2939 609 3005 propterea
630 2931 713 3007 quod
727 2951 763 2990 eo
785 2932 910 2991 consilio
929 2932 1144 2993 florentissimis

143 3023 231 3082 rebus
258 3024 365 3085 domos
393 3043 459 3083 suas
488 3025 621 3084 Helvetii
648 3027 841 3102 reliquissent,
870 3027 914 3086 uti
941 3027 997 3087 toti
1030 3027 1144 3088 Galliae

92 3142 130 3199 30
143 3121 256 3180 bellum
274 3121 412 3180 inferrent
431 3121 614 3198 imperioque
631 3123 793 3199 potirentur
810 3126 969 3200 locumque
991 3124 1144 3186 domicilio

143 3236 182 3277 ex
197 3224 312 3294 magna
333 3216 420 3293 copia
443 3218 614 3296 deligerent,
640 3239 728 3295 quem
754 3221 894 3279 exomni
917 3221 1014 3281 Gallia
1038 3240 1145 3298 oppor-

144 3313 333 3374 tunissimum
348 3334 383 3374 ac
396 3315 663 3376 fructuosissimum
676 3315 864 3390 iudicassent,
875 3317 1061 3394 reliquasque
1075 3316 1144 3377 civi-

144 3422 219 3472 tates
241 3410 444 3490 stipendiarias
464 3413 615 3474 haberent.
660 3413 821 3489 Petierunt,
842 3413 885 3474 uti
907 3414 963 3475 sibi
982 3413 1143 3475 concilium
