2476 3796
144 186 161 240 6
410 184 477 242 DE
502 184 653 245 BELLO
682 183 877 246 GALLICO

143 337 239 414 posita
272 348 326 412 est,
354 349 510 400 arcessunt
557 360 601 401 10.
646 343 738 401 Erant
770 341 828 400 hae
856 338 1042 402 difficultates
1070 339 1145 401 belli

142 434 273 510 gerendi,
288 453 362 510 quas
375 453 463 510 supra
477 436 671 507 ostendimus,
686 438 739 498 sed
753 438 847 496 multa
861 437 1019 496 Caesarem
1037 445 1144 496 tamen

142 531 183 590 ad
202 529 234 590 id
253 531 364 589 bellum
385 529 565 591 incitabant:
586 531 715 593 iniuriae,
729 542 911 592 retentorum
931 531 1066 607 equiturn
1083 535 1144 592 Ro

143 640 307 694 manorum,
335 622 457 684 rebellio
483 625 562 684 facta
588 635 656 702 post
682 625 877 697 deditionem,
906 625 1035 686 desectio
1062 624 1143 686 datis

116 719 305 794 sobsidibus,
326 729 371 780 tot
397 719 549 781 civitatum
571 722 744 795 coniuratio,
765 721 900 799 inprimis
920 742 958 783 ne
978 723 1035 782 hac
1055 734 1142 798 parte

142 817 277 891 neglecta
303 815 434 892 reliquae
457 816 592 877 nationes
620 816 676 877 sibi
703 818 784 877 idem
811 818 899 878 licere
921 816 1139 899 arbitrarentur.

142 913 250 986 Itaque
279 932 347 972 cum
380 913 561 992 intellegeret
589 933 693 974 omnes
720 915 780 974 fere
808 916 911 975 Gallos
938 904 1022 974 novis
1049 916 1141 975 rebus

142 1010 260 1070 studere
277 1020 310 1071 et
330 1011 369 1070 ad
389 1012 500 1071 bellum
519 1010 668 1071 mobiliter
686 1010 875 1086 celeriterque
890 1009 1018 1083 excitari,
1034 1028 1141 1071 omnes

142 1117 241 1167 autem
268 1107 404 1168 homines
434 1120 539 1169 natura
565 1107 692 1169 libertati
719 1109 838 1168 studere
871 1119 902 1168 et
928 1106 1139 1168 condicionem

98 1204 288 1266 roservitutis
312 1206 420 1279 odisse,
441 1206 612 1284 priusquam
639 1207 738 1282 plures
765 1204 897 1265 civitates
925 1203 1137 1282 conspirarent,

141 1299 327 1377 partiendum
348 1300 404 1360 sibi
424 1321 459 1360 ac
477 1300 564 1360 latius
584 1300 821 1360 distribuendum
839 1299 1000 1360 exercitum
1012 1298 1136 1376 putavit.

31 1410 109 1422 ff*
145 1415 189 1454 11.
232 1397 338 1472 Itaque
353 1397 390 1456 Τ.
411 1395 577 1456 Labienum
591 1398 720 1473 legatum
733 1394 765 1455 in
778 1398 932 1466 Treveros,
947 1394 998 1472 qui
1011 1394 1138 1472 proximi

141 1491 254 1552 flumini
281 1494 391 1553 Rheno
417 1505 494 1566 sunt,
515 1513 584 1554 cum
608 1493 739 1570 equitatu
761 1492 858 1553 mittit.
901 1492 984 1552 Huic
1003 1492 1135 1566 mandat,

142 1592 256 1651 Remos
273 1589 461 1666 reliquosque
480 1592 585 1668 Belgas
604 1592 692 1651 adeat
709 1601 799 1666 atque
816 1589 845 1649 in
866 1590 965 1651 officio
983 1589 1136 1651 contineat

96 1702 129 1760 15
142 1687 373 1761 Germanosque,
394 1686 446 1763 qui
466 1687 575 1747 auxilio
595 1706 613 1745 a
634 1684 731 1763 Belgis
751 1686 882 1746 arcessiti
903 1687 1087 1765 dicebantur,
1110 1688 1136 1748 si

140 1800 194 1857 per
219 1781 280 1840 virn
300 1780 423 1840 navibus
447 1782 558 1842 flumen
578 1779 699 1842 transire
719 1791 872 1853 conentur,
893 1781 1057 1857 prohibeat
1101 1786 1132 1844 P.

123 1872 280 1938 -Crassum
307 1896 374 1936 cum
399 1876 568 1938 cohortibus
588 1875 755 1954 legionariis
782 1876 941 1937 duodecim
968 1888 999 1938 et
1024 1898 1135 1958 magno

140 1994 266 2036 numero
284 1974 431 2052 equitatus
451 1974 482 2035 in
502 1975 692 2052 Aquitaniam
715 1972 863 2052 proficisci
881 1974 971 2049 iubet,
986 1995 1025 2036 ne
1039 1996 1076 2036 ex
1088 1978 1135 2039 his

139 2071 308 2132 nationibus
328 2071 436 2133 auxilia
456 2073 487 2131 in
506 2072 634 2132 Galliam
652 2072 806 2133 mittantur
823 2091 860 2131 ac
877 2081 978 2132 tantae
998 2073 1134 2136 nationes

94 2190 131 2228 20
139 2170 362 2247 coniungantur.
405 2173 441 2247 Q.
462 2170 608 2231 Titurium
626 2171 766 2231 Sabinum
785 2172 915 2247 legatum
929 2190 998 2230 cum
1011 2171 1134 2249 legioni·

139 2267 194 2325 bus
215 2265 308 2328 tribus
326 2267 357 2325 in
376 2268 527 2339 Venellos,
543 2265 736 2327 Curiosolites
750 2266 955 2344 Lexoviosque
969 2267 1067 2342 mittit,
1082 2271 1134 2347 qui

140 2381 206 2421 earn
226 2381 347 2422 inanum
368 2362 567 2422 distinendam
587 2373 676 2423 curet.
719 2363 877 2424 Decimum
897 2365 1021 2423 Brutum
1034 2353 1140 2426 adule‘

139 2468 272 2517 scentem
296 2457 382 2517 classi
403 2457 581 2534 Gallicisque
602 2457 733 2530 navibus,
756 2476 829 2534 quas
850 2478 888 2518 ex
908 2458 1082 2521 Pictonibus
1102 2473 1133 2523 et

138 2553 277 2614 Santonis
295 2553 474 2630 reliquisque
494 2554 608 2630 pacatis
628 2553 796 2631 regionibus
820 2553 979 2615 convenire
999 2554 1131 2631 iusserat,

93 2666 127 2724 25
138 2649 270 2725 praeficit
284 2661 322 2722 et,
337 2670 404 2710 cum
423 2649 550 2727 primum
563 2661 674 2728 posset,
689 2651 720 2710 in
733 2653 867 2711 Venetos
879 2651 1026 2727 proficisci
1039 2652 1129 2715 iubet

139 2747 210 2822 Ipse
224 2765 261 2806 eo
274 2745 460 2824 pedestribus
474 2744 567 2822 copiis
584 2745 748 2806 contendit.
791 2766 835 2806 12.
879 2748 972 2807 Erant
986 2747 1132 2810 eiusmodi

137 2843 198 2902 fere
221 2842 292 2902 situs
320 2842 510 2920 oppidorum,
530 2854 563 2903 ut
584 2843 681 2920 posita
702 2843 733 2903 in
755 2840 892 2904 extremis
920 2841 1037 2921 lingulis
1064 2865 1132 2922 pro

137 2938 351 3015 munturiisque
371 2959 468 3017 neque
488 2939 615 3017 pedibus
635 2939 749 3000 aditum
767 2941 920 3012 haberent,
935 2959 1004 2999 cum
1019 2959 1057 3000 ex
1069 2942 1131 3002 alto

137 3053 169 3094 se
189 3045 287 3096 aestus
307 3034 497 3107 incitavisset,
512 3037 593 3112 quod
612 3034 657 3096 bis
676 3034 784 3095 accidit
797 3054 914 3112 semper
930 3037 1070 3096 horarum
1082 3054 1131 3096 xu

90 3147 128 3202 30
137 3127 241 3205 spatio,
255 3147 352 3204 neque
373 3129 506 3202 naribus,
521 3130 603 3205 quod
620 3148 717 3190 rursus
731 3129 884 3190 minuente
897 3139 982 3188 aestu
995 3147 1086 3190 naves
1098 3129 1130 3190 in

136 3224 219 3285 vadis
232 3225 458 3286 adflictarentur.
502 3228 550 3285 Ita
562 3235 686 3300 utraque
704 3244 736 3284 re
754 3223 932 3302 oppidorum
947 3224 1130 3302 oppugnatio

136 3319 357 3397 inpediebatur3
377 3340 413 3380 ae
431 3321 456 3381 si
475 3321 595 3398 quando
614 3319 818 3397 magnitudine
832 3318 930 3397 operis
943 3321 1018 3380 forte
1032 3339 1130 3398 super·

132 3415 181 3488 ati,
198 3425 319 3478 extruso
329 3416 410 3478 mari¹
421 3437 528 3498 aggere
540 3437 577 3480 ac
596 3418 725 3480 molibus
738 3428 827 3496 atque
841 3417 886 3477 his
899 3414 1005 3494 oppidi
1017 3417 1129 3478 moeni·
