2476 3796
119 236 122 242 ,
141 219 179 274 24
400 201 468 260 DE
494 200 644 262 BELLO
675 202 868 263 GALLJCO

137 328 264 404 fecisset,
294 330 484 406 desperantes
511 329 570 390 iam
602 333 641 392 de
668 351 767 408 pugna
797 343 827 392 et
860 330 1008 408 dispersos
1040 331 1138 394 subito

138 428 275 488 adortum
303 427 396 505 magis
423 428 537 489 ratione
565 441 594 490 et
622 429 747 489 consilio
772 449 861 506 quam
888 430 996 490 virtute
1023 430 1136 492 vicisse.

139 526 198 589 Cui
214 526 320 586 rationi
338 538 442 586 contra
459 528 595 588 homines
614 529 752 588 barbaros
777 539 866 605 atque
885 527 1036 606 imperitos
1056 530 1139 588 locus

139 625 249 700 fuisset,
279 626 335 684 hac
369 645 407 685 ne
435 625 531 704 ipsum
559 625 681 703 quidem
708 646 824 704 sperare
852 639 968 687 nostros
996 627 1140 688 exercitus

109 745 125 804 5
140 721 211 800 capi
219 742 314 800 posse.
358 723 418 799 Qui
432 743 518 783 suum
533 724 669 785 timorem
690 723 720 784 in
738 724 780 784 rei
800 725 1005 785 frumentariae
1024 725 1141 786 simula-

141 822 252 882 tionem
276 821 485 899 angustiasque
507 822 618 882 itineris
642 824 817 894 conferrent,
843 824 939 883 facere
963 834 1139 899 arroganter,

99 947 102 952 ·
141 941 210 980 cum
232 932 284 981 aut
306 923 344 981 de
369 920 467 980 officio
489 919 672 998 imperatoris
694 922 849 997 desperare
870 931 922 980 aut
943 920 1140 998 praescribere

140 1021 317 1081 viderentur.
362 1021 449 1080 Haec
473 1019 529 1079 sibi
553 1039 617 1080 esse
642 1039 748 1079 curae:
774 1004 954 1079 frumentum
978 1020 1139 1096 Sequanos,
1173 1070 1177 1077 .

143 1123 268 1192 Leucos‚
305 1117 456 1195 Lingones
491 1118 719 1194 subministrare,
750 1118 869 1195 iamque
902 1138 967 1179 esse
1002 1119 1033 1178 in
1065 1118 1141 1195 agris

94 1209 289 1282 rofrumenta
302 1222 437 1290 maturat
457 1218 496 1278 de
509 1217 613 1277 itinere
626 1217 707 1294 ipsos
717 1218 798 1278 brevi
809 1230 941 1296 tempore
952 1218 1139 1279 iudicaturos.

143 1319 234 1395 Quod
248 1337 309 1377 non
324 1319 386 1376 fore
400 1317 481 1378 dicto
498 1317 654 1377 audientes
672 1337 771 1393 neque
788 1316 872 1394 signa
893 1316 979 1376 laturi
996 1317 1141 1389 dicantur,

141 1415 216 1476 nihil
244 1435 276 1476 se
310 1435 346 1475 ea
374 1433 405 1473 re
439 1415 640 1475 commoveri:
682 1415 756 1474 scire
788 1415 876 1487 enim,
906 1414 1142 1491 quibuscumque

142 1516 285 1577 exercitus
309 1515 390 1574 dicto
410 1514 534 1573 audiens
554 1534 616 1574 non
637 1513 731 1587 fuerit,
745 1524 797 1573 aut
814 1516 891 1573 male
909 1533 940 1573 re
959 1524 1043 1590 gesta
1055 1515 1143 1572 fortu-

144 1633 214 1673 nam
228 1612 365 1686 defuisse,
380 1622 431 1671 aut
455 1612 555 1688 aliquo
576 1611 705 1672 facinore
729 1623 882 1688 comperto
906 1611 1056 1672 avaritiam
1077 1632 1143 1673 esse

96 1721 129 1780 15
145 1711 329 1772 convictam:
366 1730 451 1769 suam
478 1710 679 1770 innocentiam
708 1722 849 1788 perpetua
876 1711 944 1786 vita,
972 1712 1143 1772 felicitatem

146 1810 353 1872 Helvetiorum
375 1810 454 1869 bello
478 1829 543 1870 esse
566 1820 760 1886 perspectam.
803 1813 909 1884 Itaque
936 1830 976 1884 se,
1003 1811 1085 1887 quod
1112 1809 1144 1869 in

145 1909 309 1987 longiorem
323 1907 404 1968 diem
415 1909 573 1983 collaturus
582 1908 691 1982 fuisset,
706 1920 992 1984 repraesentaturum
1007 1921 1036 1969 et
1049 1908 1145 1986 proxi-

144 2028 194 2067 ma
208 2016 295 2066 nocte
311 2008 348 2066 de
362 2018 467 2083 quarta
479 2007 577 2085 vigilia
590 2019 684 2066 castra
697 2018 855 2082 moturum,
871 2020 1002 2084 utquam
1014 1991 1145 2086 primum

146 2106 314 2182 intellegere
336 2116 446 2182 posset,
469 2117 567 2166 utrum
591 2107 671 2183 apud
695 2126 746 2166 eos
770 2109 868 2183 pudor
888 2119 978 2182 atque
1005 2109 1143 2183 officium,

96 2213 133 2251 20
146 2221 185 2261 an
198 2201 287 2262 timor
299 2202 417 2261 valeret.
462 2203 553 2276 Quod
567 2201 591 2262 si
605 2213 754 2278 praeterea
774 2223 864 2263 nemo
884 2215 1031 2281 sequatur,
1045 2217 1146 2265 tamen

147 2321 179 2361 se
201 2321 270 2360 cum
291 2302 354 2360 sola
373 2299 489 2360 decima
505 2301 622 2378 legione
638 2300 755 2374 iturum,
772 2303 811 2362 de
832 2323 890 2380 qua
907 2323 968 2363 non
989 2304 1144 2376 dubitaret,

147 2400 263 2478 sibique
282 2419 349 2460 eam
370 2400 550 2477 praetoriam
575 2401 729 2460 cohortem
754 2402 888 2460 futuram.
933 2401 1016 2461 Huic
1037 2401 1147 2479 legioni
1184 2416 1186 2420 ’

130 2494 133 2499 ’
147 2501 258 2560 Caesar
273 2509 302 2558 et
315 2497 475 2557 indulserat
483 2497 642 2574 praecipue
657 2509 688 2557 et
701 2509 824 2575 propter
831 2499 969 2559 virtutem
979 2501 1148 2560 confidebat

148 2598 286 2659 maxime.
328 2617 376 2670 41.
420 2598 490 2655 Hac
504 2597 636 2656 oratione
650 2596 751 2657 habita
764 2597 870 2656 mirum
885 2597 916 2656 in
937 2598 1061 2658 modum
1080 2617 1149 2658 con-

100 2718 114 2756 2
119 2715 134 2774 5
149 2718 250 2759 versae
265 2708 333 2758 sunt
348 2696 482 2756 omnium
496 2706 620 2768 mentes,
632 2715 807 2772 summaque
822 2695 955 2755 alacritas
964 2707 994 2755 et
1003 2695 1149 2772 cupiditas

151 2794 221 2856 belli
248 2792 370 2872 gerendi
401 2793 503 2853 innata
535 2803 589 2866 est,
617 2793 814 2870 princepsque
846 2793 964 2853 decima
990 2793 1068 2870 legio
1097 2813 1150 2871 per

152 2894 285 2955 tribunos
313 2893 441 2953 militum
468 2893 496 2952 ei
523 2891 629 2969 gratias
660 2893 728 2968 egit,
757 2894 840 2974 quod
872 2895 911 2952 de
940 2912 972 2952 se
1003 2893 1151 2970 optimum

152 2991 295 3053 iudicium
318 2991 442 3064 fecisset,
458 3011 549 3068 seque
573 3010 637 3072 esse
655 2990 695 3049 ad
715 2991 827 3050 bellum
848 2992 1011 3068 gerendum
1033 2991 1151 3068 paratis-

153 3091 258 3152 simam
271 3089 464 3150 confirmavit.
508 3088 626 3148 Deinde
644 3087 775 3165 reliquae
793 3088 924 3164 legiones
941 3109 1010 3148 cum
1027 3089 1151 3150 tribunis

102 3207 140 3262 30
153 3187 280 3248 militum
304 3198 333 3247 et
355 3187 517 3264 primorum
541 3186 680 3246 ordinum
709 3186 931 3247 centurionibus
956 3198 1086 3263 egerunt,
1108 3187 1153 3248 uti

154 3285 274 3350 Caesari
301 3284 519 3345 satisfacerent:
560 3303 593 3344 se
620 3303 676 3344 nec
703 3304 845 3360 umquam
873 3285 1023 3346 dubitasse
1055 3306 1152 3364 neque

153 3383 286 3444 timuisse
301 3402 399 3458 neque
418 3386 457 3443 de
476 3402 592 3443 summa
609 3381 680 3443 belli
694 3403 780 3443 suum
794 3383 946 3458 iudicium,
963 3386 1017 3446 sed
1030 3384 1154 3464 impera·

134 3478 213 3535 totis
239 3497 310 3540 esse
339 3479 565 3546 existimavisse.
609 3482 722 3544 Eorum
748 3481 946 3545 satisfactione
973 3495 1096 3562 accepta
1123 3496 1153 3546 et
