2476 3796
155 215 193 288 38
416 209 484 266 DE
510 205 661 265 BELLO
695 202 889 264 GALLICO

153 339 227 399 sime
260 336 383 398 transire
417 345 560 395 conantes
594 331 784 392 multitudiue
811 331 937 390 telorum
965 329 1153 405 repulerunt,

152 436 273 512 primos,
289 434 341 511 qui
355 432 538 506 transierant,
554 430 689 509 equitatu
702 428 919 488 circumventos
934 426 1153 486 interfecerunt.

153 535 267 592 Hostes
288 531 339 590 ubi
360 540 390 590 et
409 530 448 589 de
467 526 666 605 expugnando
687 523 800 602 oppido
819 535 849 583 et
870 525 908 584 de
926 523 1049 581 flumine
1063 533 1153 583 trans-

152 630 251 688 eundo
280 647 364 704 spem
391 646 424 686 se
450 625 589 696 fefellisse
615 621 823 683 intellexerunt
850 640 949 696 neque
976 630 1093 680 nostros
1120 621 1152 680 in

121 747 136 806 5
150 726 252 784 locum
272 721 450 798 iniquiorem
472 719 610 798 progredi
629 717 782 796 pugnandi
797 736 887 776 causa
899 716 1046 788 viderunt,
1062 726 1151 792 atque

150 819 230 896 ipsos
258 838 303 878 res
331 816 521 876 frumentaria
549 816 675 876 deficere
699 812 811 889 coepit,
835 810 962 871 concilio
985 826 1151 870 convocato

150 915 367 975 constituerunt
386 913 532 990 optimum
554 933 626 986 esse,
642 914 766 971 domum
785 930 868 970 suam
883 929 1032 986 quemque
1045 908 1151 968 reverti

150 1023 187 1087 et,
204 1032 331 1089 quorum
352 1011 383 1071 in
403 1013 476 1070 fines
498 1009 625 1088 primurn
648 1009 780 1069 Romani
798 1008 960 1068 exercitum
974 1007 1151 1066 introduxis-

150 1122 226 1184 sent,
251 1113 289 1170 ad
311 1123 362 1170 eos
386 1109 594 1169 defendendos
615 1107 748 1184 undique
772 1105 972 1178 convenirent,
995 1115 1028 1164 ut
1050 1103 1150 1182 potius

101 1230 136 1267 10
150 1209 181 1267 in
209 1206 268 1267 suis
293 1227 384 1284 quam
408 1206 440 1265 in
462 1204 564 1266 alienis
587 1204 695 1264 finibus
718 1205 901 1264 decertarent
928 1213 957 1262 et
980 1202 1149 1262 domesticis

150 1302 243 1380 copiis
279 1301 320 1367 rei
354 1299 562 1360 frumentariae
597 1311 756 1359 uterentur.
799 1300 848 1359 Ad
877 1318 943 1359 eam
971 1297 1149 1357 sententiam

149 1419 218 1459 cum
240 1397 359 1475 reliquis
381 1397 478 1457 causis
501 1399 578 1456 haec
599 1416 721 1473 quoque
743 1397 818 1456 ratio
839 1416 891 1456 eos
913 1395 1044 1467 deduxit,
1067 1395 1149 1471 quod

150 1494 330 1554 Divitiacum
364 1506 452 1571 atque
486 1494 610 1553 Aeduos
645 1492 753 1551 finibus
788 1494 1012 1551 Bellovacorum
1045 1510 1149 1568 appro-

148 1591 291 1669 pinquare
312 1601 522 1668 cognoverant.
565 1589 623 1648 His
647 1589 825 1666 persuaderi,
854 1599 887 1648 ut
915 1587 1026 1648 diutius
1054 1608 1149 1647 mora-

99 1707 132 1765 15
147 1701 249 1748 rentur
271 1708 369 1766 neque
393 1689 453 1748 suis
474 1687 616 1748 auxilium
635 1689 752 1762 ferrent,
768 1707 831 1746 non
847 1696 968 1763 poterat.
1016 1706 1059 1745 11.
1104 1688 1149 1744 Ea

146 1805 178 1845 re
192 1787 352 1845 constituta
365 1786 497 1844 secunda
509 1784 609 1861 vigilia
623 1803 732 1860 magno
746 1803 816 1842 cum
830 1782 953 1859 strepitu
968 1803 1004 1842 ac
1017 1787 1146 1844 tumultu

147 1879 249 1939 castris
272 1878 380 1958 egressi
398 1883 480 1940 nullo
503 1891 584 1940 certo
604 1877 707 1939 ordine
729 1899 827 1956 neque
848 1879 980 1955 imperio,
999 1899 1069 1938 cum
1091 1880 1147 1941 sibi

148 1977 273 2053 quisque
295 1978 425 2054 primum
446 1976 557 2037 itineris
571 1979 670 2037 locum
684 1987 798 2053 peteret
812 1987 842 2036 et
856 1977 980 2036 domum
994 1977 1147 2054 pervenire

77 2064 78 2067 ¹
145 2086 323 2150 properaret,
339 2076 481 2148 fecerunt,
497 2086 530 2134 ut
549 2071 711 2134 consimilis
728 2075 814 2151 fugae
828 2074 973 2151 profectio
986 2075 1143 2142 videretur.

96 2189 133 2227 20
148 2175 217 2231 Hac
244 2192 276 2232 re
304 2173 404 2232 statim
433 2174 543 2254 Caesar
569 2192 622 2249 per
649 2173 847 2248 speculatores
876 2171 996 2248 cognita
1023 2172 1145 2234 insidias

143 2269 261 2344 veritus,
278 2270 368 2346 quod,
383 2268 504 2346 quade
526 2289 616 2329 causa
638 2269 834 2341 discederent,
852 2270 988 2328 nondum
1009 2289 1146 2347 perspex-

146 2375 217 2438 erat,
253 2364 414 2424 exercitum
448 2364 673 2443 equitatumque
707 2365 809 2426 castris
844 2364 999 2427 continuit.
1047 2367 1146 2428 Prima

143 2463 211 2521 luce
238 2463 413 2522 confirmata
440 2482 472 2522 re
500 2463 537 2522 ab
565 2464 798 2539 exploratoribus
827 2482 948 2523 ornnem
969 2463 1143 2540 equitatum,

144 2559 195 2634 qui
209 2559 403 2620 novissimum
416 2579 524 2637 agmen
538 2570 708 2632 moraretur,
723 2559 880 2636 praemisit.
924 2559 983 2619 His
998 2560 1144 2634 Quintum

95 2665 129 2725 25
144 2657 270 2716 Pedium
292 2668 324 2717 et
342 2656 468 2717 Lucium
481 2656 716 2717 Aurunculeium
730 2657 852 2717 Cottam
865 2658 979 2732 legatos
992 2656 1141 2733 praefecit.

143 2754 246 2814 Titum
266 2755 433 2815 Labienum
452 2756 582 2832 legatum
599 2774 666 2813 cum
688 2753 855 2831 legionibus
883 2754 975 2812 tribus
1003 2754 1143 2831 subsequi

142 2850 233 2911 iussit.
276 2853 320 2912 Hi
354 2851 532 2911 novissimos
565 2851 662 2910 adorti
697 2861 726 2910 et
760 2852 854 2909 multa
887 2849 969 2907 milia
1002 2869 1143 2925 passuum

141 2947 290 3023 prosecuti
323 2967 464 3024 magnam
492 2945 713 3007 multitudinem
741 2965 843 3006 eorum
870 2944 1044 3020 fugientium
1072 2967 1144 3007 con-

80 3058 83 3063 ·
142 3042 285 3116 ciderunt,
307 3063 376 3101 cum
397 3044 435 3103 ab
456 3055 589 3104 extremo
610 3043 736 3120 agmine,
759 3043 798 3101 ad
819 3060 894 3117 quos
920 3052 1042 3100 ventum
1070 3057 1140 3115 erat,

90 3163 128 3216 30
142 3139 337 3199 consisterent
351 3140 521 3217 fortiterque
536 3139 681 3217 impetum
695 3151 863 3199 nostrorum
878 3138 1005 3198 militum
1020 3141 1142 3201 sustine-

141 3245 215 3305 rent,
230 3235 350 3310 priores,
365 3237 448 3312 quod
468 3237 573 3296 abesse
594 3257 613 3296 a
631 3235 763 3312 periculo
782 3234 952 3293 viderentur
971 3253 1068 3310 neque
1082 3239 1143 3301 ulla

142 3331 316 3392 necessitate
339 3351 436 3408 neque
458 3330 583 3409 imperio
605 3331 836 3404 continerentur,
852 3331 990 3391 exaudito
1012 3335 1143 3395 clamore

129 3429 317 3498 perturbatis
336 3428 488 3489 ordinibus
512 3448 616 3489 omnes
638 3428 670 3488 in
692 3430 762 3504 fuga
784 3425 839 3488 sibi
858 3427 1037 3504 praesidium
1051 3449 1142 3506 pone·
