2476 3796
145 224 181 264 10
398 200 467 274 DE
492 198 643 258 BELLO
674 195 869 258 GALLICO

141 330 309 402 nonnullos,
325 346 450 404 quorum
464 323 622 386 auctoritas
636 324 716 402 apud
732 323 850 400 plebem
864 319 1022 398 plurimum
1034 321 1138 389 valeat,

142 424 193 502 qui
227 423 362 502 privatim
392 424 458 501 plus
490 420 606 499 possint
635 440 725 497 quam
752 418 808 498 ipsi
834 419 1028 496 magistratus.
1072 419 1139 476 Hos

142 521 282 582 seditiosa
305 533 394 597 atque
421 519 557 596 improba
583 517 717 579 oratione
738 516 958 577 multitudinem
985 517 1139 580 deterrere,

142 638 180 678 ne
201 621 381 678 frumentum
404 619 565 689 conferant,
589 617 672 690 quod
696 615 842 676 debeant:
866 625 1014 691 praestare
1036 610 1060 672 si
1080 610 1140 670 iam

112 715 338 794 5principatum
363 712 477 773 Galliae
501 711 634 772 obtinere
657 731 718 771 non
739 711 863 788 possint,
879 712 1032 770 Gallorum
1051 726 1140 785 quam

143 815 348 869 Romanorum
383 808 507 886 imperia
534 811 668 886 perferre,
698 826 795 881 neque
829 806 973 879 dubitare,
1003 804 1084 880 quin,
1116 802 1141 862 si

143 908 298 968 Helvetios
327 907 525 985 superaverint
554 905 691 977 Romani,
721 925 782 964 una
809 925 878 964 cum
905 904 1017 980 reliqua
1045 900 1142 962 Gallia

140 1004 256 1063 Aeduis
274 1005 439 1064 libertatem
458 1002 516 1063 sint
532 1001 666 1078 erepturi.
708 1002 757 1060 Ab
772 991 883 1061 eisdem
902 1012 1002 1071 nostra
1020 998 1141 1059 consilia

143 1120 278 1178 quaeque
301 1099 457 1161 incastris
481 1110 617 1177 gerantur
641 1099 775 1160 hostibus
799 1100 963 1161 enuntiari:
996 1102 1052 1158 hos
1070 1117 1089 1156 a
1109 1116 1141 1154 se

93 1215 129 1253 10
143 1198 271 1258 coerceri
294 1218 356 1258 non
376 1217 472 1275 posse.
516 1194 596 1270 Quin
621 1192 718 1265 etiam,
741 1193 822 1269 quod
853 1191 1049 1252 necessariam
1076 1213 1139 1252 rem

143 1306 264 1355 coactus
286 1295 406 1356 Caesari
427 1293 593 1363 enuntiarit,
612 1291 780 1367 intellegere
799 1309 872 1363 sese,
887 1305 1001 1368 quanto
1020 1292 1052 1352 id
1071 1312 1139 1351 cum

144 1388 274 1465 periculo
294 1387 404 1460 fecerit,
430 1399 460 1447 et
488 1387 527 1446 ob
555 1405 622 1444 eam
650 1395 778 1461 causam,
807 1405 896 1461 quam
925 1388 976 1449 diu
1003 1385 1139 1464 potuerit,

144 1486 276 1546 tacuisse.
323 1489 367 1544 18.
411 1487 521 1546 Caesar
542 1486 610 1543 vhac
639 1485 771 1545 oratione
804 1485 883 1546 Lisci
915 1485 1140 1562 Dumnorigem,

145 1583 282 1644 Divitiaci
303 1585 429 1656 fratrem,
454 1581 601 1658 designari
625 1582 780 1656 sentiebat,
809 1585 870 1653 sed,
901 1585 983 1660 quod
1010 1583 1141 1660 pluribus

96 1706 129 1764 15
144 1678 346 1758 praesentibus
374 1699 424 1738 eas
451 1699 497 1738 res
529 1678 629 1737 iactari
660 1680 789 1751 nolebat,
822 1679 956 1739 celeriter
983 1679 1140 1740 concilium

145 1777 272 1847 dimittit,
289 1777 408 1836 Liscum
422 1777 535 1836 retinet.
581 1776 703 1850 Quaerit
723 1799 760 1836 ex
778 1779 843 1838 solo
864 1799 908 1850 ea,
929 1778 1055 1854 quaein
1074 1796 1142 1836 con·

143 1885 233 1933 ventu
244 1873 363 1933 dixerat.
401 1873 481 1933 Dicit
494 1870 612 1933 liberius
621 1884 710 1948 atque
719 1873 866 1933 audacius
903 1876 1019 1933 Eadem
1028 1885 1141 1934 secreto

143 1973 181 2030 ab
196 1970 257 2029 aliis
272 1968 403 2046 quaerit;
423 1969 529 2046 reperit
538 1988 603 2028 esse
612 1989 696 2030 vera:
721 1972 827 2046 Ipsum
842 1991 906 2031 esse
917 1971 1139 2047 Dumnorigem,

143 2088 259 2128 summa
280 2066 411 2139 audacia,
433 2087 540 2144 magna
561 2068 640 2143 apud
658 2069 778 2143 plebem
796 2080 916 2144 propter
937 2069 1141 2129 liberalitatem

53 2233 54 2236 Ἴ
94 2197 130 2235 20
143 2163 241 2241 gratia,
257 2161 398 2240 cupidum
411 2181 507 2221 rerum
521 2182 671 2222 novarum.
714 2165 891 2239 Complures
905 2184 999 2223 annos
1014 2163 1142 2240 portoria

141 2258 312 2334 reliquaque
326 2257 426 2317 omnia
436 2260 609 2318 Aeduorum
620 2257 773 2335 vectigalia
782 2279 873 2335 parvo
884 2260 980 2336 pretio
988 2261 1142 2336 redempta

141 2355 259 2427 habere,
288 2365 443 2430 propterea
470 2355 553 2430 quod
580 2354 631 2414 illo
659 2354 766 2414 licente
795 2367 898 2415 contra
926 2356 1006 2416 liceri
1033 2360 1141 2417 audeat

98 2446 99 2449 '
141 2470 239 2510 nemo
283 2449 342 2509 His
361 2451 449 2509 rebus
470 2461 500 2509 et
521 2469 605 2508 suam
619 2471 681 2509 rem
696 2450 868 2511 familiarem
882 2451 996 2512 auxisse
1011 2466 1040 2512 et
1055 2455 1142 2512 facul·

141 2560 217 2608 tates
232 2547 271 2607 ad
283 2546 467 2623 largiendum
476 2566 597 2624 magnas
609 2566 795 2624 comparasse
807 2569 813 2606 :
835 2568 976 2624 magnum
986 2568 1141 2608 numerum

93 2675 127 2734 25
142 2645 289 2720 equitatus
314 2663 368 2704 suo
391 2655 511 2720 sumptu
535 2663 651 2720 semper
673 2646 751 2704 alere
774 2657 803 2706 et
831 2645 940 2705 circum
968 2666 1000 2705 se
1022 2647 1139 2719 habere,

142 2759 239 2816 neque
253 2741 351 2799 solum
365 2738 455 2812 domi,
471 2740 525 2798 sed
539 2738 629 2798 etiam
643 2742 723 2817 apud
734 2739 873 2800 finitimas
883 2739 1015 2799 civitates
1026 2740 1141 2817 largiter

141 2858 230 2918 posse
252 2850 342 2912 atque
364 2835 449 2896 huius
472 2837 624 2914 potentiae
649 2857 737 2896 causa
758 2849 884 2897 matrem
906 2835 937 2894 in
965 2836 1141 2913 Biturigibus

141 2934 254 2998 homini
277 2933 337 2993 illic
359 2933 543 2994 nobilissimo
565 2954 601 2993 ac
622 2933 830 3010 potentissimo
852 2934 1022 3004 collocasse,
1043 2918 1140 3011 ipsum

141 3054 178 3094 ex
192 3030 339 3091 Helvetiis
352 3050 474 3090 uxorem
484 3032 601 3102 habere,
614 3050 745 3090 sororem
759 3051 795 3091 ex
809 3042 902 3089 matre
917 3041 946 3089 et
960 3029 1141 3107 propinquas

91 3158 129 3214 30
142 3150 209 3190 suas
228 3139 354 3204 nuptum
368 3126 399 3186 in
413 3129 484 3188 alias
498 3128 630 3188 civitates
644 3130 812 3188 collocasse.
858 3130 969 3187 Favere
986 3138 1016 3186 et
1035 3148 1142 3205 cupere

142 3223 288 3284 Helvetiis
302 3235 422 3302 propter
440 3244 507 3284 eam
523 3224 704 3296 affinitatem,
720 3225 818 3284 odisse
838 3223 927 3282 etiam
944 3241 998 3281 suo
1020 3223 1141 3285 nomine

143 3324 301 3383 Caesarem
322 3333 352 3382 et
374 3323 537 3392 Romanos,
552 3322 635 3396 quod
657 3340 759 3380 eorum
778 3321 907 3380 adventu
924 3321 1059 3398 potentia
1079 3323 1141 3383 eius

129 3418 298 3494 deminuta,
327 3431 359 3480 et
380 3417 545 3482 Divitiacus
571 3420 659 3480 frater
680 3418 711 3478 in
731 3417 886 3494 antiquum
908 3419 1007 3478 locum
1032 3418 1141 3496 gratiae
