2476 3796
382 229 469 288 LJB.
491 229 519 288 J.
566 229 658 288 CAP.
681 245 810 305 49-53.
1064 248 1100 305 31

101 358 268 433 intervallis,
302 360 453 430 Harudes
487 358 706 433 Marcomanos,
740 357 893 430 Triboces,
921 356 1100 434 Vangiones,

10 501 12 512 ,
102 459 253 531 Nemetes,
270 455 420 530 Sedusios,
438 457 560 531 Suebos,
578 474 760 532 omnemque
774 454 869 515 aciem
883 474 967 514 suam
980 456 1058 515 redis
1072 465 1103 516 et

101 552 189 613 carris
210 552 477 624 circumdedemnt,
500 571 538 612 ne
563 572 623 628 qua
647 571 715 628 spes
739 550 770 610 in
792 551 862 628 fuga
882 549 1100 628 relinqueretur.

102 652 148 709 Eo
168 650 304 710 mulieres
325 649 537 726 imposuerunt,
564 668 640 725 quae
662 647 693 707 in
715 646 859 724 proelium
882 648 1102 725 proficiscentes
1158 657 1160 662 '

100 745 195 821 passis
223 745 360 805 manibus
388 746 493 804 flentes
521 744 729 821 implorabant,
753 743 846 804 nese
872 743 904 803 in
932 743 1101 804 servitutem
1134 761 1151 822 5

100 839 246 900 Romanis
257 842 414 900 traderent.
459 857 506 917 5²·
549 842 660 901 Caesar
668 839 787 916 singulis
796 839 962 917 legionibus
971 838 1102 914 singulos

100 937 213 1012 legatos
239 946 268 996 et
291 945 479 1012 quaestorem
496 934 645 1011 praefecit,
665 946 698 997 ut
717 954 768 995 eos
788 946 877 995 testes
891 954 962 994 suae
977 934 1102 1011 quisque

99 1031 212 1092 virtutis
233 1032 372 1106 haberet;
401 1031 504 1108 ipsea
531 1032 636 1091 dextro
657 1050 758 1105 cornu,
783 1030 865 1107 quod
894 1050 960 1111 eam
988 1043 1101 1109 partem
1196 1089 1198 1093 .

100 1128 222 1189 minime
255 1131 370 1188 firmam
403 1127 535 1188 hostium
570 1147 634 1188 esse
672 1126 925 1203 animadverterat,
957 1129 1101 1205 proelium

100 1223 256 1284 commisit.
301 1227 348 1283 Ita
368 1221 461 1284 nostri
482 1224 587 1284 acriter
606 1222 637 1282 in
656 1224 757 1283 hostes
772 1221 856 1299 signo
870 1225 942 1283 dato
956 1222 1101 1300 impetum
1116 1248 1152 1286 10

100 1324 242 1395 fecemnt,
256 1320 357 1398 itaque
375 1323 476 1381 hostes
493 1332 616 1399 repente
633 1320 824 1397 celeriterque
838 1334 1052 1398 procurrerunt,
1067 1335 1101 1383 ut

101 1416 228 1493 spatium
248 1416 309 1495 pila
335 1417 367 1476 in
389 1419 491 1478 hostes
512 1417 682 1478 coniciendi
710 1437 773 1478 non
801 1419 925 1477 daretur.
970 1417 1100 1477 Reiectis

100 1514 168 1590 pilis
182 1514 348 1576 comminus
362 1516 466 1593 gladiis
481 1527 645 1594 pugnatum
659 1527 710 1577 est
753 1518 796 1576 ·At
811 1515 952 1576 Germani
969 1515 1101 1575 celeriter

101 1631 138 1670 ex
163 1613 379 1673 consuetudine
407 1633 460 1673 sua
491 1615 640 1691 phalange
671 1615 749 1673 facta
775 1613 902 1690 impetus
936 1613 1101 1691 gladiorum

101 1721 286 1785 exceperunt.
331 1709 454 1786 Reperti
476 1721 545 1770 sunt
569 1711 736 1786 complures
756 1707 848 1769 nostri
868 1708 983 1782 milites,
1001 1709 1051 1786 qui
1069 1708 1100 1768 in
1116 1728 1150 1789 15

100 1809 262 1884 phalangas
275 1805 419 1868 insilirent
433 1818 463 1868 et
483 1816 567 1867 scuta
583 1805 720 1867 manibus
738 1808 912 1866 revellerent
931 1818 961 1866 et
975 1809 1101 1884 desuper

100 1905 295 1964 vulnerarent.
339 1907 418 1966 Cum
445 1893 576 1965 hostium
603 1903 681 1964 acies
704 1923 722 1963 a
750 1902 867 1963 sinistro
895 1922 988 1962 cornu
1015 1904 1101 1980 pulsa

101 2014 189 2079 atque
206 2002 238 2061 in
256 2004 356 2080 fugam
377 2022 520 2062 conversa
537 2013 623 2078 esset,
640 2021 659 2061 a
677 2003 782 2061 dextro
799 2019 891 2060 cornu
910 2001 1102 2060 vehementer

101 2099 288 2160 multitudine
313 2120 433 2160 suorum
460 2111 592 2159 nostram
619 2098 714 2158 aciem
741 2099 922 2174 premebant.
966 2098 1005 2157 Id
1033 2117 1101 2157 cum

101 2196 354 2257 animadvertisset
376 2196 498 2256 Publius
521 2198 643 2257 Crassus
672 2195 857 2269 adulescens
880 2194 931 2272 qui
958 2193 1101 2271 equitatui
1115 2215 1152 2252 20

54 2327 56 2329 >
100 2304 240 2370 praeerat,
266 2296 348 2370 quod
376 2293 541 2371 expeditior
564 2304 626 2353 erat
653 2311 743 2370 quam
765 2291 801 2367 ei,
826 2291 877 2368 qui
904 2290 980 2350 inter
1007 2290 1101 2351 aciem

100 2387 298 2461 versabantur,
328 2388 443 2450 tertiam
477 2387 571 2449 aciem
605 2388 806 2449 laborantibus
833 2386 941 2447 nostris
968 2385 1100 2447 subsidio

100 2485 187 2546 misit.
231 2503 247 2563 5
252 2506 277 2562 3.
322 2488 370 2546 Ita
378 2487 523 2565 proelium
537 2486 704 2547 restitutum
713 2497 766 2559 est,
777 2498 867 2563 atque
882 2504 986 2546 omnes
1000 2487 1100 2547 hostes

100 2596 181 2661 terga
207 2597 356 2647 verterunt
384 2606 482 2662 neque
510 2585 591 2662 prius
614 2587 713 2662 sugere
738 2584 920 2658 destiterunt,
948 2603 1037 2660 quam
1061 2585 1100 2643 ad

99 2683 210 2740 flumen
225 2683 366 2741 Rhenum
381 2683 463 2741 milia
476 2702 618 2759 passuum
637 2702 673 2742 ex
692 2701 728 2741 eo
747 2682 815 2741 loco
836 2678 950 2740 circiter
969 2679 1100 2756 quinque
1115 2704 1129 2742 2
1134 2702 1149 2760 5

99 2786 304 2850 pervenerunt.
349 2776 397 2836 Ibi
417 2776 558 2853 perpauci
575 2786 626 2836 aut
645 2775 755 2836 viribus
774 2774 879 2833 confisi
897 2786 1012 2834 tranare
1032 2793 1101 2833 con·
1157 2787 1158 2790 ’

100 2872 259 2932 tenderunt
273 2883 324 2932 aut
338 2873 474 2934 lintribus
488 2872 616 2933 inventis
630 2870 687 2932 sibi
701 2874 826 2931 salutem
840 2883 1018 2948 reperemnt.
1062 2873 1100 2930 In

99 2969 145 3030 his
178 2970 233 3030 luit
267 2971 442 3045 Ariovistus,
470 2970 521 3048 qui
555 2969 721 3030 naviculam
748 2968 907 3045 deligatam
938 2968 977 3028 ad
1007 2967 1100 3045 ripam

100 3076 205 3125 nactus
241 3084 276 3126 ea
310 3067 455 3144 profugit:
494 3065 624 3142 reliquos
656 3085 768 3126 omnes*
789 3064 921 3140 equitatu
948 3065 1101 3124 consecuti

100 3163 192 3224 nostri
219 3164 435 3224 intersecemnt.
480 3167 565 3224 Duae
593 3166 711 3223 suemnt
730 3160 871 3221 Ariovisti
898 3180 1011 3236 uxores,
1042 3181 1102 3220 una
1113 3181 1152 3236 30

100 3261 198 3320 Sueba
217 3259 347 3334 natione,
370 3279 460 3336 quam
481 3263 572 3321 domo
594 3279 696 3319 secum
717 3260 847 3330 duxerat,
866 3259 957 3318 altera
981 3256 1099 3331 Norica,

99 3358 175 3436 regis
201 3357 362 3418 Voccionis
392 3377 482 3431 soror,
512 3377 601 3434 quam
628 3357 659 3416 in
696 3355 793 3416 Gallia
820 3355 942 3415 duxerat
969 3375 987 3413 a
1013 3356 1102 3414 fratre

99 3453 239 3516 missam:
266 3466 407 3532 utraeque
421 3455 452 3513 in
467 3474 503 3515 ea
516 3456 586 3532 fuga
597 3450 757 3532 perierunt.
797 3453 895 3510 Duae
901 3448 1129 3507 tibaemam,
