2476 3796
325 813 367 889 C.
409 813 556 889 IULII
594 816 865 892 CAESARIS

320 956 323 963 ¹
384 991 809 1054 connuuraurouurr

239 1172 337 1265 DE
376 1171 608 1266 BELLO
648 1171 966 1268 GALLICO

382 1356 544 1420 LIBER
573 1356 817 1423 TERTIUS.

161 1560 185 1599 r.
227 1541 303 1602 CUM
334 1539 366 1601 in
396 1541 515 1602 Italiam
549 1541 782 1619 proficisceretur
813 1544 931 1616 Caesar,
963 1540 1095 1604 Servium

98 1638 224 1698 Galbam
238 1657 307 1698 cum
321 1639 439 1716 legione
453 1638 631 1699 duodecima
652 1649 682 1699 et
701 1649 785 1715 parte
806 1638 954 1715 equitatus
965 1638 996 1698 in
1016 1640 1098 1698 Nan·

97 1745 200 1809 tuates,
216 1739 362 1814 Veragros
384 1738 579 1811 Sedunosque
597 1735 685 1809 misit,
705 1736 757 1813 qui
775 1738 814 1798 ab
834 1736 942 1796 finibus
962 1738 1098 1796 Allobro-

95 1852 167 1909 gum
189 1842 218 1892 et
231 1834 298 1892 lacu
312 1835 468 1892 Lemanno
477 1841 506 1892 et
517 1831 638 1892 flumine
650 1833 800 1893 Rhodano
811 1832 851 1892 ad
863 1851 993 1892 summas
1003 1834 1097 1908 Alpes

96 1926 251 2004 pertinent.
294 1929 393 1988 Causa
412 1926 551 1988 mittendi
570 1928 635 2002 fuit,
656 1930 738 2005 quod
758 1927 813 1988 iter
831 1947 885 2004 per
904 1928 1007 2004 Alpes,
1035 1946 1096 2003 quo
1124 1945 1140 2006 5

96 2044 207 2102 magno
234 2045 302 2086 cum
322 2025 454 2102 periculo
474 2024 649 2102 magnisque
669 2046 738 2086 cum
762 2024 898 2103 portoriis
919 2037 1096 2086 mercatores

97 2118 139 2178 ire
165 2129 350 2194 consuerant,
378 2121 511 2196 patefieri
538 2122 666 2181 volebat.
709 2121 792 2180 Huic
812 2120 952 2198 permisit,
974 2119 1000 2180 si
1019 2141 1095 2198 opus

98 2234 162 2275 esse
183 2214 376 2288 arbitraretur,
395 2215 438 2275 uti
456 2216 488 2276 in
508 2215 554 2276 his
574 2215 648 2276 locis
668 2216 816 2294 legionem
834 2215 987 2276 hiemandi
1007 2236 1096 2278 causa

98 2312 274 2370 conlocaret.
311 2312 407 2372 Galba
418 2312 556 2373 secundis
564 2312 677 2390 aliquot
685 2313 804 2391 proeliis
813 2313 898 2374 factis
908 2313 1095 2391 castellisque

97 2405 288 2482 conpluribus
302 2426 405 2467 eorum
419 2408 593 2486 expugnatis
606 2409 703 2468 missis
717 2411 756 2469 ad
770 2429 838 2469 eum
849 2409 982 2486 undique
992 2409 1096 2486 legatis
1106 2431 1142 2469 10

98 2501 310 2579 obsidibusque
324 2502 400 2564 datis
414 2515 444 2565 et
457 2524 532 2581 pace
549 2506 628 2565 facta
645 2504 798 2565 constituit
815 2506 954 2566 cohortes
972 2506 1046 2566 duas
1063 2503 1095 2565 in
1181 2530 1183 2534 ·

99 2598 300 2672 Nantuatibus
328 2600 484 2660 conlocare
512 2611 542 2662 et
568 2601 634 2678 ipse
657 2621 726 2662 cum
747 2600 866 2677 reliquis
887 2600 950 2662 eius
970 2599 1096 2678 legionis

98 2694 268 2754 cohortibus
290 2694 322 2754 in
342 2695 409 2756 vico
429 2698 635 2774 Veragrorum,
657 2697 708 2774 qui
728 2699 893 2773 appellatur
914 2698 1094 2771 Octodurus,

98 2794 247 2867 hiemare;
281 2791 332 2869 qui
357 2792 441 2854 vicus
467 2792 582 2870 positus
608 2793 641 2854 in
667 2795 744 2854 valle
768 2813 830 2855 non
850 2793 1096 2872 magnaadiecta

97 2888 225 2966 planicie
242 2889 392 2951 altissimis
409 2890 561 2951 montibus
578 2890 711 2968 undique
730 2890 907 2953 continetur.
949 2893 1028 2954 Cum
1046 2891 1139 2968 hi015

33 3009 34 3013 ¹
98 2985 130 3044 in
145 2986 219 3045 duas
232 2995 330 3062 partes
344 2986 465 3047 flumine
479 2985 668 3060 divideretur,
683 2988 804 3046 alteram
822 2997 938 3064 partem
957 2987 1021 3049 eius
1037 2987 1096 3049 vici

99 3083 191 3145 Gallis
205 3086 245 3146 ad
263 3084 455 3146 hiemandum
474 3084 629 3156 concessit,
648 3085 771 3144 alteram
788 3103 913 3145 vacuam
932 3085 971 3146 ab
989 3082 1035 3145 his
1052 3106 1096 3148 re·

98 3179 198 3238 lictam
226 3180 397 3242 cohortibus
424 3180 571 3243 adtribuit
614 3182 693 3241 Eum
720 3181 819 3241 locum
846 3181 924 3240 vallo
956 3181 1096 3259 fossaque

99 3277 231 3338 munivit
276 3299 302 3339 2.
344 3279 424 3340 Cum
442 3277 506 3339 dies
524 3277 715 3340 hibernorum
734 3279 893 3356 conplures
911 3277 1155 3503 transQ

98 3375 337 3455 frumentumque
351 3394 388 3438 eo
402 3373 571 3455 conportari
589 3375 731 3452 iussisset,
745 3373 845 3437 subito
860 3394 920 3453 per
935 3392 999 3449 wa
1074 3458 1078 3463 Ι
