2476 3796
145 191 161 231 2
407 173 476 232 DE
501 173 652 234 BELLO
682 173 876 234 GALLICO
901 189 903 193 ⁴

142 353 189 394 res
203 332 310 394 certior
322 331 417 390 sactus
435 339 481 390 est
500 350 536 390 ex
556 349 593 390 ea
610 341 694 407 parte
712 328 779 405 vici,
794 352 885 409 quam
906 331 999 394 Gallis
1020 351 1143 393 conces

143 440 229 501 serat,
244 446 348 488 omnes
362 436 454 486 noctu
469 426 648 503 discessisse,
663 440 849 504 montesque,
864 430 916 507 qui
930 429 1139 507 inpenderent,

143 545 161 585 a
187 524 315 584 maxima
342 523 531 584 multitudine
558 526 745 585 Sedunorum
767 536 797 586 et
817 529 1014 604 Veragrorum
1035 525 1139 588 teneri.

144 623 182 682 Id
195 623 309 697 aliquot
323 622 361 682 de
371 621 468 681 causis
478 620 636 695 acciderat,
648 633 683 682 ut
696 622 794 685 subito
806 624 884 685 Galli
895 624 966 685 belli
977 625 1142 686 renovandi

115 716 325 794 5legionisque
336 719 549 795 opprimendae
563 719 719 780 consilium
733 731 892 797 caperent:
912 721 1041 799 primurn
1056 724 1142 799 quod

141 813 289 891 legionem
323 833 422 891 neque
456 833 523 875 eam
557 815 760 892 plenissimam
796 818 935 878 detractis
969 818 1142 879 cohortibus

142 911 257 970 duabus
280 919 310 970 et
333 910 525 986 conpluribus
544 910 722 986 singillatim,
743 913 794 988 qui
812 925 996 975 commeatus
1017 915 1141 992 petendi

141 1025 232 1065 causa
258 1005 341 1066 missi
369 1016 461 1080 erant,
485 1018 606 1083 propter
625 1006 804 1084 paucitatem
825 1010 1048 1086 despiciebant,
1075 1021 1140 1070 tum

142 1103 232 1163 etiam
246 1106 328 1179 quod
342 1116 462 1182 propter
480 1103 666 1181 iniquitatem
685 1105 753 1180 loci,
768 1125 836 1166 cum
855 1107 912 1184 ipsi
933 1128 970 1168 ex
986 1106 1140 1168 montibus

96 1215 132 1254 10
142 1198 173 1259 in
186 1203 293 1260 vallem
309 1201 495 1262 decurrerent
510 1211 540 1261 et
553 1202 613 1261 tela
626 1201 805 1278 conicerent,
822 1223 860 1264 ne
873 1203 1003 1281 primum
1017 1204 1140 1280 quidem

141 1316 230 1373 posse
257 1297 401 1375 impetum
429 1316 515 1356 suum
544 1296 680 1356 sustineri
700 1296 914 1360 existimabant
956 1301 1139 1373 Accedebat,

141 1396 224 1472 quod
238 1414 308 1454 suos
321 1396 359 1454 ab
371 1413 403 1453 se
413 1393 521 1454 liberos
532 1395 695 1454 abstractos
706 1395 845 1455 obsidum
854 1395 975 1456 nomine
986 1397 1139 1468 dolebant,

142 1504 172 1553 et
186 1495 341 1552 Romanos
355 1509 417 1550 non
432 1492 528 1550 solum
542 1488 679 1549 itinerum
693 1511 790 1564 causa,
806 1494 859 1553 sed
874 1493 962 1552 etiam
976 1505 1140 1571 perpetuae

101 1634 106 1642 .
141 1586 336 1664 possessionis
364 1585 493 1646 culmina
519 1586 642 1663 Alpium
670 1607 817 1665 occupare
845 1589 946 1650 conari
966 1601 997 1651 et
1017 1611 1053 1651 ea
1071 1594 1141 1653 loca

99 1700 129 1760 ¹5
142 1682 284 1744 finitimae
310 1679 478 1760 provinciae
505 1682 665 1759 adiungere
693 1683 749 1744 sibi
776 1704 949 1761 persuasum
976 1687 1137 1748 habebant

141 1801 168 1856 3.
212 1779 271 1838 His
282 1777 393 1838 nuntiis
402 1778 532 1855 acceptis
547 1780 651 1853 Galba,
667 1799 735 1839 cum
746 1800 844 1857 neque
858 1799 933 1858 opus
947 1780 1137 1843 hibernorum

141 1877 379 1953 munitionesque
398 1879 487 1953 plene
509 1888 607 1938 essent
630 1880 787 1955 perfectae,
809 1899 906 1956 neque
928 1880 967 1939 de
988 1882 1138 1943 frumento

140 1977 314 2054 reliquoque
327 1984 496 2034 commeatu
511 1973 582 2034 satis
605 1986 682 2035 esset
702 1975 862 2052 provisum,
882 1977 965 2052 quod
984 1976 1138 2037 deditione

140 2076 219 2134 sacta
232 2071 445 2145 obsidibusque
458 2070 588 2147 acceptis
607 2071 680 2130 nihil
699 2072 835 2132 debello
856 2071 1023 2133 timendum
1043 2074 1138 2135 existi-

94 2195 130 2233 20
141 2180 280 2243 maverat,
301 2167 425 2228 consilio
453 2168 586 2228 celeriter
612 2178 778 2229 convocato
805 2169 966 2230 sententias
987 2172 1137 2248 exquirere

139 2265 247 2344 coepit
291 2266 361 2340 Quo
387 2263 419 2323 in
443 2265 577 2337 consilio,
598 2284 668 2324 cum
696 2276 811 2325 tantum
838 2267 985 2343 repentini
1012 2269 1137 2345 periculi

139 2375 256 2442 praeter
275 2362 448 2440 opinionem
469 2362 625 2423 accidisset
646 2382 682 2422 ac
703 2362 762 2422 iam
784 2365 886 2424 omnia
906 2366 966 2425 fere
985 2367 1137 2444 superiora

138 2464 207 2522 loca
219 2460 409 2521 multitudine
422 2470 601 2520 armatorum
616 2463 767 2538 completa
777 2461 1024 2539 conspicerentur,
1037 2485 1136 2542 neque

139 2558 272 2619 subsidio
304 2557 397 2618 veniri
428 2577 527 2635 neque
558 2568 744 2619 commeatus
776 2561 939 2636 supportari
970 2561 1136 2622 interclusis

94 2671 126 2731 ²5
139 2654 290 2716 itineribus
317 2665 448 2731 possent,
477 2673 569 2731 prope
597 2653 656 2714 iam
685 2657 842 2732 desperata
862 2658 955 2717 salute
975 2659 1136 2718 nonnullae

138 2749 309 2812 huiusmodi
333 2750 498 2811 sententiae
521 2750 703 2824 dicebantur,
729 2764 762 2814 ut
784 2752 1006 2831 impedimentis
1027 2755 1136 2816 relictis

139 2848 293 2926 eruptione
306 2850 384 2909 facta
397 2847 492 2908 isdem
513 2847 675 2920 itineribus
690 2849 797 2926 quibus
815 2870 853 2911 eo
870 2851 1081 2928 pervenissent,
1096 2853 1137 2913 ad

139 2949 264 3008 salutem
292 2948 514 3008 contenderent.
557 2945 666 3007 Maiori
693 2957 794 3009 tamen
826 2947 902 3025 parti
933 2948 1045 3025 placuit
1076 2950 1135 3010 hoc

137 3054 285 3105 reservato
298 3045 338 3103 ad
352 3054 515 3104 extremum
529 3044 654 3105 consilio
667 3044 785 3105 interim
798 3043 841 3105 rei
855 3055 993 3105 eventum
1012 3045 1136 3123 experiri

91 3157 129 3214 30
139 3148 169 3198 et
187 3150 283 3199 castra
301 3140 467 3200 defendere
511 3158 538 3212 4
575 3138 662 3200 Brevi
682 3139 779 3216 spatio
797 3138 959 3216 interiecto,
981 3140 1029 3200 vix
1047 3152 1081 3202 ut
1098 3142 1135 3202 iis

139 3236 236 3307 rebus,
251 3254 325 3311 quas
338 3235 568 3309 constituissent,
582 3237 775 3297 conlocandis
793 3248 883 3314 atque
896 3237 1135 3299 administrandis

140 3342 258 3406 tempus
285 3330 411 3404 daretur,
438 3333 539 3391 hostes
567 3351 603 3391 ex
629 3332 768 3392 omnibus
795 3333 929 3410 partibus
951 3333 1035 3412 signo
1063 3335 1134 3396 dato

139 3426 302 3500 decurrere,
330 3425 444 3504 lapides
471 3447 619 3506 gaesaque
645 3429 677 3490 in
704 3431 813 3490 vallum
841 3430 986 3492 conicere
1033 3432 1133 3492 Nostri
