2476 3796
378 183 513 240 arar.
561 182 652 241 cAP.
676 201 804 257 40-43.
1059 197 1099 260 25
1145 249 1147 253 ,

95 309 200 371 itinere
214 309 361 387 exquisito
376 329 428 387 per
443 309 632 384 Divitiacum,
650 310 732 386 quod
750 329 786 369 ex
803 308 867 369 aliis
889 307 917 369 ei
938 307 1097 367 maximam

95 409 187 469 fidem
214 409 352 482 habebat,
375 411 415 468 ut'
435 408 551 467 milium
570 408 705 484 'amplius
733 407 948 484 quinquaginta
975 405 1097 466 circuitu

96 507 169 566 locis
183 507 289 584 apertis
305 506 465 567 exercitum
479 507 607 581 duceret,
624 507 664 566 de
682 517 786 580 quarta
803 505 909 582 vigilia,
925 516 958 564 ut
977 505 1096 577 dixerat,

96 607 244 682 profectus
260 617 312 666 est.
355 607 489 682 Septimo
511 590 569 678 die,
586 625 654 664 cum
677 604 732 663 iter
750 623 812 664 non
829 602 1044 676 intermitteret,
1060 603 1098 662 ab

97 704 331 781 exploratoribus
355 704 462 764 certior
482 705 576 763 tactus
600 714 652 776 est,
668 702 808 763 Ariovisti
831 702 933 780 copias
955 722 973 761 a
993 701 1099 761 nostris
1131 717 1147 777 5

97 801 216 862 milibus
226 822 366 879 passuum
381 813 518 880 quattuor
531 813 561 862 et
574 801 678 878 viginti
692 802 803 860 abesse.

158 919 206 972 42.
249 900 379 978 Cognito
407 899 542 962 Caesaris
569 900 700 959 adventu
727 897 892 959 Ariovistus
920 900 1034 975 legatos
1061 898 1100 957 ad

98 1014 167 1057 eum
189 994 296 1056 mittit:
326 997 409 1072 quod
429 1007 517 1056 antea
531 996 569 1055 de
583 994 733 1070 colloquio
748 996 936 1072 postulasset,
954 993 986 1054 id
1000 1014 1055 1071 per
1068 1014 1100 1054 se

99 1089 161 1151 fieri
195 1089 292 1168 licere,
323 1091 466 1166 quoniam
500 1090 624 1168 propius
652 1090 833 1164 accessisset,
859 1109 951 1166 seque
977 1089 1009 1150 id
1037 1088 1101 1149 sine

99 1185 229 1262 periculo
243 1188 338 1247 facere
352 1207 442 1265 posse
456 1186 630 1248 existimare.
675 1189 747 1246 Non
767 1185 878 1263 respuit
893 1182 1101 1246 condicionem
1116 1214 1151 1253 10

100 1285 212 1344 Caesar
231 1283 351 1361 iamque
372 1305 440 1345 eum
462 1286 502 1345 ad
522 1284 681 1344 sanitatem
694 1282 800 1343 reverti
813 1272 1014 1359 arbitrabatur,
1032 1303 1101 1343 cum

100 1382 140 1458 id,
162 1386 245 1461 quod
264 1396 353 1445 antea
373 1383 488 1462 petenti
509 1385 693 1462 denegasset,
715 1385 792 1444 ultro
813 1381 1007 1461 polliceretur,
1023 1401 1103 1458 mag-

100 1500 230 1556 namque
244 1481 276 1544 in
290 1501 375 1560 spem
387 1482 535 1558 veniebat,
548 1502 603 1559 pro
619 1480 678 1544 suis
692 1480 781 1541 tantis
794 1481 958 1559 populique
971 1477 1103 1540 Romani

100 1579 132 1638 in
147 1599 216 1639 eum
235 1579 387 1640 beneficiis
406 1579 534 1658 cognitis
549 1577 608 1638 suis
623 1578 780 1656 postulatis
795 1581 864 1653 fore,
884 1578 927 1638 uti
940 1576 1103 1654 pertinacia

101 1674 265 1736 desisteret.
308 1675 383 1735 Dies
412 1673 562 1751 colloquio
590 1673 687 1747 dictus
715 1686 760 1735 est
788 1694 824 1734 ex
845 1694 882 1734 eo
904 1672 952 1734 die
974 1671 1151 1758 quintus15

103 1769 227 1831 Interim
241 1789 329 1848 saepe
343 1772 421 1831 ultro
436 1769 570 1846 citroque
581 1791 649 1830 cnm
663 1769 751 1848 legati
759 1770 835 1831 inter
844 1790 896 1831 eos
909 1769 1101 1841 mitterentur,

101 1867 267 1928 Ariovistus
301 1868 469 1945 postulavit,
500 1889 539 1929 ne
569 1887 658 1944 quem
691 1867 824 1945 peditem
854 1869 894 1928 ad
921 1864 1103 1942 colloquium

102 1967 212 2026 Caesar
226 1965 402 2028 adduceret:
432 1965 637 2041 verensque
656 1984 709 2042 per
729 1965 851 2025 insidias
868 1967 907 2025 ab
927 1985 963 2025 eo
983 1963 1104 2024 circum-

101 2059 267 2121 veniretur:
294 2073 418 2138 uterque
438 2082 507 2122 cum
529 2061 663 2139 equitatu
682 2060 813 2122 veniret:
842 2061 899 2120 alia
912 2061 1026 2121 ratione
1041 2079 1105 2120 sese

102 2177 165 2217 non
186 2171 251 2218 esse
271 2168 436 2218 venturum.
479 2161 596 2234 Caesar,
615 2159 698 2234 quod
711 2178 809 2234 neque
824 2157 1005 2234 colloquium
1018 2157 1105 2218 inter·
1117 2191 1154 2229 20

102 2253 201 2330 posita
221 2274 310 2314 cansa
330 2253 393 2314 tolli
420 2256 540 2315 volebat
560 2275 657 2331 neque
685 2257 811 2315 salutem
839 2275 924 2316 suam
952 2255 1104 2315 Gallorum

104 2350 247 2426 equitatui
267 2350 453 2411 committere
473 2352 611 2428 audebat,
629 2351 905 2411 commodissimum
925 2371 989 2410 esse
1004 2349 1105 2410 statuit

104 2447 243 2508 omnibus
264 2448 348 2524 equis
364 2448 457 2509 Gallis
472 2448 620 2526 equitibus
635 2448 773 2510 detractis
788 2468 825 2508 eo
840 2445 1016 2526 legionarios
1032 2445 1105 2506 mili-

103 2557 149 2606 tes
163 2544 286 2622 legionis
297 2544 439 2620 decimae,
454 2544 501 2605 cui
515 2545 741 2620 quammaxime
752 2546 928 2619 confidebat,
941 2543 1102 2621 imponere,

104 2654 137 2703 ut
157 2641 338 2719 praesidium
358 2661 448 2718 quarn
468 2640 688 2716 amicissimum,
707 2640 732 2701 si
746 2642 819 2718 quid
833 2661 908 2718 opus
922 2642 1001 2700 facto
1017 2649 1102 2713 esset,
1119 2665 1154 2724 25

103 2742 234 2800 haberet.
278 2739 369 2814 Quod
404 2758 472 2797 cum
506 2741 596 2814 fieret,
635 2759 697 2799 non
730 2737 878 2799 irridicule
912 2737 1034 2813 quidam
1069 2758 1106 2798 ex

104 2835 245 2895 militibus
260 2833 395 2895 decimae
408 2832 532 2911 legionis
546 2833 634 2895 dixit:
655 2836 730 2912 plus,
749 2855 839 2912 quam
853 2833 1003 2912 pollicitus
1017 2845 1102 2909 esset,

104 2933 263 2992 Caesarem
284 2928 312 2990 ei
332 2932 445 2992 facere:
475 2928 641 3007 pollicitum
669 2951 701 2992 se
727 2929 759 2990 in
787 2930 916 2991 cohortis
943 2928 1107 3008 praetoriae

103 3028 171 3087 loco
199 3025 346 3087 decimam
375 3024 522 3102 legionem
543 3025 722 3102 habiturum,
746 3026 785 3085 ad
806 3044 917 3101 equum
937 3022 1104 3084 rescribere.

104 3141 152 3198 43.
195 3120 336 3182 Planities
357 3132 418 3181 erat
439 3140 548 3197 magna
569 3121 650 3181 etin
672 3141 708 3181 ea
728 3123 857 3181 tumulus
879 3132 1009 3181 terrenus
1037 3118 1106 3180 satis
1120 3149 1157 3204 30

103 3218 232 3296 grandis.
269 3217 330 3278 Hic
351 3219 434 3280 locus
454 3238 550 3295 aequo
564 3220 625 3278 fere
639 3216 735 3296 spatio
749 3219 788 3278 ab
802 3216 904 3278 castris
918 3214 1060 3277 Ariovisti
1078 3228 1107 3277 et

103 3313 239 3377 Caesaris
259 3314 368 3375 aberat.
412 3317 467 3390 Eo,
484 3326 517 3374 ut
538 3326 600 3375 erat
621 3313 742 3391 dictum,
760 3315 800 3374 ad
820 3312 1002 3390 colloquium
1021 3332 1109 3373 vene-

103 3424 180 3474 runt.
236 3413 406 3490 Legionem¹
433 3415 551 3490 Caesar,
584 3433 674 3491 qnam
704 3412 791 3491 equis
815 3424 957 3485 rexerat,
980 3410 1133 3484 pessmus

182 3552 207 3594 P.
220 3552 244 3595 c.
256 3553 276 3596 r,
1026 3540 1053 3592 “s
