2476 3796
363 207 520 266 ΠΜ.
567 208 658 266 exa
684 223 792 282 5-10.
952 189 957 196 ’
1037 220 1074 279 37

73 335 157 412 quod
177 333 202 394 is
223 332 316 407 colliS,
331 332 383 394 ubi
403 343 498 393 castra
516 333 614 410 posita
628 343 718 405 erant,
734 333 889 409 paululum
905 351 940 391 ex
953 329 1077 408 planitie

74 429 172 495 editus
196 440 313 491 tanturn
336 431 476 490 adversus
504 429 536 488 in
563 429 751 490 latitudinem
778 431 910 506 patebat,
932 439 1077 505 quantum

74 526 135 588 loci
161 526 239 589 acies
266 526 409 586 instructa
437 546 584 604 occupare
611 537 737 603 poterat,
767 538 857 604 atque
886 548 922 587 ex
953 538 1077 604 utraque

74 634 159 702 parte
178 624 278 684 lateris
299 623 432 684 deiectus
451 624 582 684 habebat
596 634 625 683 et
643 623 675 682 in
688 625 784 684 fronte
798 625 904 685 leniter
925 625 1077 703 fastigatus

75 721 220 798 paulatim
240 722 279 780 ad
299 720 453 797 planitiem
473 720 597 793 redibat,
613 720 650 779 ab
670 731 797 797 utroque
811 723 901 782 latere
917 722 980 782 eius
994 720 1077 781 collis
1111 738 1127 797 5
1143 717 1144 720 ’

18 876 22 880 .
76 828 273 877 transversam
307 819 417 876 fossam
452 815 578 876 obduxit
607 815 721 875 circiter
748 836 889 892 passuum
914 835 954 878 cn
982 829 1012 878 et
1040 820 1078 878 ad

77 923 221 973 extremas
248 915 343 972 fossas
370 914 492 972 castella
519 911 674 971 constituit
698 910 800 988 ibique
822 923 969 973 tormenta
990 915 1079 973 collo-

77 1008 164 1081 cavit,
195 1027 244 1080 ne,
272 1028 341 1067 cum
369 1007 464 1069 aciem
491 1007 684 1081 instruxisset,
713 1009 823 1082 hostes,
852 1011 936 1085 quod
962 1020 1079 1069 tantum

78 1105 269 1166 multitudine
304 1116 451 1183 poterant,
484 1106 523 1164 ab
560 1103 699 1164 lateribus
731 1118 898 1182 pugnantes
928 1126 998 1166 suos
1029 1105 1081 1165 cir·

78 1201 249 1262 cumvenire
276 1212 406 1278 possent
451 1204 522 1260 Hoc
549 1203 629 1263 facto
657 1202 773 1261 duabus
801 1200 977 1278 legionibuS,
1006 1221 1080 1278 quas
1096 1221 1131 1261 10

78 1297 212 1374 proxime
233 1297 454 1374 conscripserat,
476 1297 508 1356 in
536 1299 637 1359 castris
664 1297 781 1370 relictis,
803 1308 845 1373 ut,
869 1297 894 1357 si
923 1317 984 1374 quo
1005 1317 1079 1374 opus

79 1406 166 1468 esset,
195 1395 329 1455 subsidio
357 1394 426 1455 duci
453 1406 586 1472 possent,
614 1394 742 1472 reliquas
774 1413 826 1454 sex
860 1394 991 1471 legiones
1025 1412 1080 1470 pro

79 1492 182 1552 castris
216 1491 248 1551 in
282 1491 345 1551 acie
373 1491 533 1551 constituit.
579 1494 693 1552 Hostes
721 1490 793 1551 item
821 1510 889 1550 suas
917 1489 1017 1566 coplas
1045 1508 1082 1549 ex

80 1588 182 1648 castris
207 1590 330 1648 eductas
357 1586 563 1647 instruxerant.
607 1608 634 1663 9.
678 1588 767 1646 Palus
796 1597 858 1646 erat
884 1606 946 1645 non
974 1605 1082 1662 magna

80 1685 157 1746 inter
180 1696 314 1745 nostrum
338 1695 428 1761 atque
448 1683 578 1744 hostium
607 1684 774 1747 exercitum.
819 1686 910 1743 Hanc
937 1683 962 1742 si
989 1679 1081 1742 nostri
1097 1699 1131 1758 15

80 1782 245 1856 transirent,
270 1784 371 1842 hostes
395 1784 625 1858 exspectabant;
645 1781 737 1840 nostri
765 1792 872 1856 autern,
904 1780 929 1840 si
956 1783 994 1841 ab
1023 1782 1081 1840 illis

81 1879 199 1940 initium
221 1878 393 1938 transeundi
410 1880 501 1951 fieret,
516 1890 550 1938 ut
563 1877 723 1955 impeditos
737 1879 974 1955 aggrederentur,
989 1877 1083 1955 parati

81 1975 113 2035 in
135 1973 222 2034 annis
245 1985 335 2034 erant.
380 1972 504 2033 Interim
527 1974 641 2051 proelio
660 1975 788 2051 equestri
810 1974 885 2034 inter
910 1975 984 2034 duas
1004 1974 1082 2034 acies

82 2072 327 2132 contendebatur.
372 2071 435 2132 Ubi
470 2071 566 2131 neutri
600 2071 773 2132 transeundi
807 2072 924 2132 initium
961 2066 1082 2144 faciunt,

82 2167 259 2230 secundiore
283 2166 417 2244 equitum
439 2169 553 2246 proelio
574 2169 681 2228 nostris
703 2171 813 2230 Caesar
833 2189 902 2230 suos
930 2169 962 2228 in
989 2181 1084 2230 castra
1097 2194 1135 2231 20

82 2263 207 2324 reduxit.
251 2266 365 2324 Hostes
389 2264 524 2342 protinus
547 2284 583 2323 ex
607 2284 644 2324 eo
665 2265 734 2324 loco
754 2265 793 2323 ad
813 2265 925 2324 fiumen
945 2267 1084 2325 Axonam

83 2360 309 2433 contenderunt,
331 2362 413 2436 quod
436 2379 501 2418 esse
522 2370 590 2436 post
611 2370 712 2418 nostra
732 2371 828 2420 castra
848 2362 1083 2421 demonstratum

84 2467 135 2516 est
181 2455 229 2514 Ibi
248 2455 333 2515 vadis
353 2457 475 2533 repertis
496 2468 610 2533 partem
632 2476 751 2516 suarum
766 2455 917 2534 copiarum
932 2458 1084 2518 traducere

83 2553 185 2614 conati
220 2564 297 2626 sunt,
327 2573 364 2613 eo
395 2553 530 2626 consilio,
559 2564 602 2625 ut,
631 2553 655 2613 si
682 2566 813 2630 possent,
845 2555 1006 2627 castellum,
1036 2555 1084 2614 cui

83 2659 216 2726 praeerat
238 2647 369 2722 Quintus
391 2646 524 2708 Titurius
547 2651 670 2726 legatus
686 2659 886 2726 expugnarent
901 2659 1084 2725 pontemque
1098 2671 1134 2730 25

84 2743 328 2804 interscinderent
337 2765 346 2817 ;
367 2743 391 2804 si
409 2743 507 2803 minus
525 2744 701 2821 potuissent,
716 2763 801 2822 agros
817 2747 980 2803 Remorum
993 2763 1085 2821 popu-

85 2845 222 2913 larentur,
238 2841 290 2918 qui
312 2861 422 2918 magno
443 2840 530 2901 nobis
551 2841 617 2901 usui
635 2843 674 2901 ad
690 2843 801 2900 bellum
815 2841 977 2918 gerendum
992 2852 1083 2914 erant,

86 2952 315 3016 commeatuque
349 2949 465 2999 nostros
500 2938 697 3016 prohiberent
746 2959 789 2998 10.
835 2939 944 2998 Caesar
980 2937 1085 2998 certior

86 3039 179 3097 factus
207 3037 245 3096 ab
273 3034 388 3095 Titurio
417 3054 538 3095 omnem
566 3035 731 3111 equitatum
759 3045 789 3094 et
816 3033 887 3093 levis
922 3044 1085 3096 armaturae
1113 3068 1117 3076 ·

86 3133 242 3208 NumidaS,
267 3131 431 3191 funditores
451 3129 675 3208 sagittariosque
698 3140 823 3206 pontem
845 3129 973 3190 traducit
994 3140 1084 3207 atque
1099 3156 1137 3211 30

86 3232 125 3291 ad
159 3249 210 3289 eos
246 3228 408 3289 contendit.
451 3229 566 3288 Acriter
600 3228 632 3288 in
667 3247 703 3288 eo
738 3229 806 3287 loco
836 3238 1001 3304 pugnatum
1031 3239 1083 3288 est.

87 3331 201 3388 Hostes
223 3326 383 3403 impeditos
396 3327 490 3387 nostri
503 3327 534 3386 in
548 3326 671 3387 flumine
685 3325 811 3404 aggressi
825 3344 967 3402 magnum
982 3343 1085 3385 eorum

86 3442 245 3487 numerum
269 3422 457 3484 occiderunt:
477 3442 530 3499 per
551 3442 654 3484 eorum
668 3440 792 3500 corpora
806 3419 935 3498 reliquos
954 3419 1086 3483 audacis-
