2476 3796
151 205 190 274 48
413 199 483 260 DE
509 194 661 260 BELLO
690 194 886 261 GALHCO

149 341 305 408 praestare,
322 328 347 389 si
361 326 392 388 in
406 349 476 389 eum
489 348 593 389 casum
611 329 836 402 deducerentur,
852 325 989 404 quamvis
1007 327 1155 386 fortunam

148 448 166 488 a
179 429 291 504 populo
306 429 446 486 Romano
460 426 532 503 pati,
547 445 637 503 quam
652 427 690 486 ab
704 424 749 485 his
767 445 821 502 per
838 423 1002 484 cruciatum
1022 423 1154 498 interfici,

146 524 224 585 inter
250 544 325 601 quos
350 522 496 584 dominari
524 534 728 585 consuessent.
771 542 820 599 32.
863 522 913 581 Ad
940 522 1016 580 haec
1045 523 1157 583 Caesar

147 621 320 698 respondit:
350 623 388 681 Se
402 620 496 698 magis
510 618 729 681 consuetudine
743 638 798 678 sua
816 638 907 696 quam
926 617 1032 677 merito
1052 637 1157 678 eorum

117 719 297 800 5civitatem
321 729 571 790 conservaturum,
586 716 611 776 si
634 716 724 798 prius,
740 735 831 792 quam
853 734 971 774 murum
993 716 1068 775 aries
1092 716 1157 775 atti·

147 813 245 892 gisset‚
273 833 306 874 se
334 814 536 875 dedidissent:
581 815 635 874 sed
664 812 823 873 deditionis
851 814 964 872 nullam
993 832 1058 872 esse
1086 832 1156 872 con·

148 911 299 971 dicionem
313 909 370 970 nisi
380 911 467 971 armis
476 911 598 971 traditis.
641 912 680 971 Se
693 909 733 985 id,
756 910 840 986 quod
853 909 884 969 in
900 909 1015 970 Nerviis
1028 909 1153 982 fecisset,

147 1010 293 1068 facturum
306 1007 497 1085 finitimisque
510 1009 729 1086 imperaturum,
742 1026 781 1066 ne
795 1027 885 1084 quarn
897 1006 1042 1067 dediticiis
1051 1008 1155 1085 populi

148 1105 280 1164 Romani
306 1103 443 1165 iniuriam
472 1104 619 1164 inferrent
664 1106 712 1163 Re
739 1103 876 1164 nuntiata
903 1106 942 1165 ad
970 1123 1048 1178 suos,
1077 1124 1155 1181 quae

97 1230 134 1269 10
147 1200 366 1279 imperarentur,
381 1203 477 1262 facere
491 1202 636 1262 dixerunt.
667 1203 827 1261 Armorum
841 1221 951 1278 magna
964 1200 1155 1262 multitudine

92 1283 96 1291 ³
146 1299 187 1359 de
213 1318 298 1359 muro
324 1297 357 1357 in
384 1300 502 1371 fossam,
525 1317 603 1375 quae
631 1309 694 1358 erat
721 1308 791 1359 aute
819 1297 974 1375 oppidum,
997 1297 1083 1370 iacta,
1112 1297 1154 1357 sic

146 1408 180 1456 ut
193 1416 287 1474 prope
301 1415 448 1456 summam
462 1394 537 1455 muri
555 1394 727 1473 aggerisque
746 1393 934 1454 altitudinem
949 1394 1046 1454 acervi
1060 1414 1155 1455 armo

146 1514 211 1555 rum
235 1496 444 1571 adaequarent,
460 1504 490 1553 et
513 1502 615 1553 tamen
637 1491 752 1552 circiter
772 1489 974 1568 parte‘tertia,
995 1503 1028 1552 ut
1047 1503 1154 1569 postea

147 1602 336 1668 perspectum
367 1603 421 1664 est,
451 1592 548 1650 celata
579 1600 670 1667 atque
700 1588 732 1649 in
765 1589 881 1666 oppido
911 1600 1026 1649 retenta
1060 1589 1153 1667 portis

98 1710 132 1770 15
147 1686 302 1762 patefactis
317 1705 354 1746 eo
368 1687 418 1746 die
431 1705 507 1763 pace
521 1697 590 1746 sunt
603 1684 656 1744 usi
702 1704 748 1762 33.
794 1686 855 1745 Sub
868 1705 1027 1762 vespemm
1041 1687 1154 1747 Caesar

146 1794 247 1858 portas
274 1782 373 1842 claudi
397 1782 565 1858 militesque
593 1801 630 1842 ex
651 1782 767 1859 oppido
788 1781 867 1842 exire
888 1779 979 1856 iussit,
1001 1801 1152 1858 nequam

146 1891 238 1940 noctu
252 1877 398 1956 oppidani
414 1879 452 1940 ab
473 1878 615 1940 militibus
636 1876 773 1938 iniuriam
793 1877 970 1956 acciperent.
1015 1878 1064 1939 Illi
1082 1891 1152 1939 ante

144 1975 228 2048 inito,
255 1987 289 2036 ut
320 1975 504 2036 intellectum
531 1987 586 2048 est,
615 1974 750 2048 consilio,
780 1976 863 2054 quod
890 1973 1045 2036 deditione
1072 1978 1152 2036 facta

145 2085 263 2134 nostros
276 2072 424 2150 praesidia
437 2073 617 2133 deducturos
632 2084 683 2133 aut
696 2072 828 2150 denique
841 2070 1042 2147 indiligentius
1057 2092 1152 2132 serva-

95 2195 132 2233 20
145 2182 226 2231 turos
253 2169 448 2243 crediderant,
477 2167 585 2246 partim
613 2187 682 2229 cum
713 2168 768 2242 his,
798 2188 875 2245 quae
910 2168 1091 2228 retinuerant
1120 2180 1150 2229 et

144 2269 320 2340 celaverant,
341 2264 439 2338 armis,
461 2265 569 2342 partim
594 2265 684 2326 scutis
707 2286 744 2326 ex
762 2264 870 2325 cortice
892 2264 976 2325 factis
998 2276 1051 2326 aut
1067 2264 1150 2325 vimi·

144 2363 231 2425 nibus
251 2361 380 2436 intextis,
395 2381 471 2440 quae
485 2361 593 2435 subito,
608 2373 642 2422 ut
656 2361 798 2439 temporis
813 2361 953 2438 exiguitas
967 2363 1147 2438 postulabat,

143 2461 271 2538 pellibus
294 2459 478 2534 induxerant,
503 2457 590 2519 tertia
617 2459 724 2536 vigilia,
751 2479 811 2535 qua
838 2458 961 2518 minime
982 2460 1090 2521 arduus
1110 2463 1149 2522 ad

143 2570 260 2618 nostras
294 2555 474 2617 munitiones
512 2575 652 2616 ascensus
685 2555 849 2629 videbatur,
884 2554 1024 2616 omnibus
1056 2557 1149 2634 copiis

94 2653 300 2741 25repentino
332 2673 368 2713 ex
396 2652 509 2730 oppido
538 2653 724 2730 eruptionem
752 2655 890 2714 fecerunt
936 2652 1084 2726 Celeriter,
1115 2666 1149 2715 ut

144 2763 214 2811 ante
227 2753 339 2813 Caesar
354 2749 522 2827 imperarat,
536 2748 654 2827 ignibus
670 2749 885 2828 significatione
900 2752 979 2810 facta
999 2771 1037 2811 ex
1054 2753 1148 2828 proxi-

143 2848 199 2909 mis
226 2847 354 2909 castellis
376 2868 413 2909 eo
435 2868 611 2908 concursum
633 2860 687 2920 est,
708 2859 932 2926 pugnatumque
952 2850 991 2908 ab
1012 2850 1147 2909 hostibus

141 2945 185 3006 ita
211 2945 316 3006 acriter
340 2956 394 3017 est,
422 2955 454 3005 ut
482 2965 500 3004 a
525 2943 593 3003 viris
618 2946 741 3006 fortibus
764 2944 796 3004 in
821 2955 950 3004 extrema
970 2963 1025 3021 spe
1045 2946 1146 3006 salutis

141 3040 245 3119 iniquo
258 3045 327 3102 loco
342 3053 445 3102 contra
459 3061 520 3115 eos,
532 3040 583 3118 qui
594 3061 630 3102 ex
643 3043 722 3100 vallo
736 3040 922 3117 turribusque
935 3042 995 3100 tela
1007 3040 1144 3114 iacerent,

90 3176 129 3232 30
142 3137 266 3215 pugnari
287 3138 399 3210 debuit,
414 3158 482 3198 cum
502 3136 533 3198 in
554 3158 615 3197 una
633 3137 740 3197 virtute
757 3135 854 3197 omnis
872 3155 942 3214 spes
961 3136 1063 3197 salutis
1077 3157 1146 3197 con-

142 3237 264 3299 sisteret.
308 3236 423 3299 Occisis
444 3238 485 3297 ad
508 3235 665 3296 hominum
689 3235 809 3296 milibus
832 3247 970 3312 quattuor
989 3232 1094 3313 reliqui
1114 3236 1146 3296 in

142 3334 289 3412 oppidum
312 3332 414 3394 reiecti
434 3344 509 3393 sunt.
553 3331 700 3394 Postridie
727 3331 790 3392 eius
812 3331 871 3392 diei
891 3330 1020 3393 refractis
1041 3333 1143 3409 portis,

139 3451 208 3489 cum
244 3429 307 3490 iam
336 3430 510 3491 defenderet
539 3447 639 3503 nemo,
673 3438 764 3507 atque
798 3424 971 3488 intromissis
1002 3425 1145 3490 militibus
