<?xml version="1.0" encoding="UTF-8"?>
<!DOCTYPE html PUBLIC "-//W3C//DTD XHTML 1.0 Transitional//EN"
    "http://www.w3.org/TR/xhtml1/DTD/xhtml1-transitional.dtd">
<html xmlns="http://www.w3.org/1999/xhtml" xml:lang="en" lang="en">
 <head>
  <title>
</title>
<meta http-equiv="Content-Type" content="text/html;charset=utf-8" />
  <meta name='ocr-system' content='tesseract 3.04.00' />
  <meta name='ocr-capabilities' content='ocr_page ocr_carea ocr_par ocr_line ocrx_word'/>
</head>
<body>
  <div class='ocr_page' id='page_1' title='image "./gaiiulicaesaris00peskgoog_0051.png"; bbox 0 0 2476 3796; ppageno 0'>
   <div class='ocr_carea' id='block_1_1' title="bbox 138 199 862 272">
    <p class='ocr_par' dir='ltr' id='par_1_1' title="bbox 138 199 862 272">
     <span class='ocr_line' id='line_1_1' title="bbox 138 199 862 272; baseline -0.007 -1"><span class='ocrx_word' id='word_1_1' title='bbox 138 212 176 272; x_wconf 83' lang='lat'>28</span> <span class='ocrx_word' id='word_1_2' title='bbox 392 209 460 266; x_wconf 90' lang='lat' dir='ltr'>DE</span> <span class='ocrx_word' id='word_1_3' title='bbox 486 199 638 266; x_wconf 87' lang='lat' dir='ltr'><em>BELLO</em></span> <span class='ocrx_word' id='word_1_4' title='bbox 668 207 862 267; x_wconf 85' lang='lat' dir='ltr'><em>GALLICO</em></span> 
     </span>
    </p>
   </div>
   <div class='ocr_carea' id='block_1_2' title="bbox 93 333 1158 3508">
    <p class='ocr_par' dir='ltr' id='par_1_2' title="bbox 137 333 1138 506">
     <span class='ocr_line' id='line_1_2' title="bbox 137 333 1137 410; baseline -0.005 -12"><span class='ocrx_word' id='word_1_5' title='bbox 137 339 201 399; x_wconf 89' lang='lat' dir='ltr'>sine</span> <span class='ocrx_word' id='word_1_6' title='bbox 219 339 281 398; x_wconf 92' lang='lat' dir='ltr'>ullo</span> <span class='ocrx_word' id='word_1_7' title='bbox 301 335 364 398; x_wconf 91' lang='lat' dir='ltr'>eius</span> <span class='ocrx_word' id='word_1_8' title='bbox 383 336 484 396; x_wconf 88' lang='lat' dir='ltr'>labore</span> <span class='ocrx_word' id='word_1_9' title='bbox 503 344 533 395; x_wconf 90' lang='lat' dir='ltr'>et</span> <span class='ocrx_word' id='word_1_10' title='bbox 546 333 676 410; x_wconf 88' lang='lat' dir='ltr'>periculo</span> <span class='ocrx_word' id='word_1_11' title='bbox 691 335 903 393; x_wconf 85' lang='lat' dir='ltr'>confecturum.</span> <span class='ocrx_word' id='word_1_12' title='bbox 947 350 993 409; x_wconf 85' lang='lat'>45.</span> <span class='ocrx_word' id='word_1_13' title='bbox 1038 334 1137 394; x_wconf 91' lang='lat' dir='ltr'>Multa</span> 
     </span>
     <span class='ocr_line' id='line_1_3' title="bbox 137 429 1138 506; baseline -0.006 -9"><span class='ocrx_word' id='word_1_14' title='bbox 137 436 175 497; x_wconf 86' lang='lat' dir='ltr'>ab</span> <span class='ocrx_word' id='word_1_15' title='bbox 195 437 323 496; x_wconf 81' lang='lat' dir='ltr'>Caesare</span> <span class='ocrx_word' id='word_1_16' title='bbox 350 432 383 495; x_wconf 92' lang='lat' dir='ltr'>iu</span> <span class='ocrx_word' id='word_1_17' title='bbox 409 450 477 491; x_wconf 88' lang='lat' dir='ltr'>eam</span> <span class='ocrx_word' id='word_1_18' title='bbox 498 429 676 490; x_wconf 87' lang='lat' dir='ltr'><strong>sententiam</strong></span> <span class='ocrx_word' id='word_1_19' title='bbox 698 429 875 506; x_wconf 84' lang='lat' dir='ltr'>dictasunt,</span> <span class='ocrx_word' id='word_1_20' title='bbox 901 449 992 506; x_wconf 87' lang='lat' dir='ltr'>quare</span> <span class='ocrx_word' id='word_1_21' title='bbox 1016 429 1138 506; x_wconf 91' lang='lat' dir='ltr'>negotio</span> 
     </span>
    </p>

    <p class='ocr_par' dir='ltr' id='par_1_3' title="bbox 93 525 1148 2441">
     <span class='ocr_line' id='line_1_4' title="bbox 96 525 1138 604; baseline -0.005 -13"><span class='ocrx_word' id='word_1_22' title='bbox 96 581 98 584; x_wconf 93' lang='lat'>.</span> <span class='ocrx_word' id='word_1_23' title='bbox 138 531 279 591; x_wconf 87' lang='lat' dir='ltr'>desistere</span> <span class='ocrx_word' id='word_1_24' title='bbox 304 549 366 591; x_wconf 90' lang='lat' dir='ltr'>non</span> <span class='ocrx_word' id='word_1_25' title='bbox 386 538 507 604; x_wconf 77' lang='lat' dir='ltr'>posset,</span> <span class='ocrx_word' id='word_1_26' title='bbox 534 545 633 603; x_wconf 87' lang='lat' dir='ltr'>neque</span> <span class='ocrx_word' id='word_1_27' title='bbox 655 546 739 586; x_wconf 89' lang='lat' dir='ltr'>suam</span> <span class='ocrx_word' id='word_1_28' title='bbox 761 545 859 602; x_wconf 92' lang='lat' dir='ltr'>neque</span> <span class='ocrx_word' id='word_1_29' title='bbox 879 526 983 602; x_wconf 92' lang='lat' dir='ltr'>populi</span> <span class='ocrx_word' id='word_1_30' title='bbox 1004 525 1138 586; x_wconf 89' lang='lat' dir='ltr'>Romani</span> 
     </span>
     <span class='ocr_line' id='line_1_5' title="bbox 139 623 1134 703; baseline -0.004 -15"><span class='ocrx_word' id='word_1_31' title='bbox 139 627 387 690; x_wconf 86' lang='lat' dir='ltr'>consuetudinem</span> <span class='ocrx_word' id='word_1_32' title='bbox 407 625 479 703; x_wconf 90' lang='lat' dir='ltr'>pati,</span> <span class='ocrx_word' id='word_1_33' title='bbox 493 623 537 684; x_wconf 93' lang='lat' dir='ltr'>uti</span> <span class='ocrx_word' id='word_1_34' title='bbox 558 625 670 701; x_wconf 91' lang='lat' dir='ltr'>optime</span> <span class='ocrx_word' id='word_1_35' title='bbox 690 634 838 684; x_wconf 89' lang='lat' dir='ltr'>merentes</span> <span class='ocrx_word' id='word_1_36' title='bbox 859 623 955 684; x_wconf 91' lang='lat' dir='ltr'>socios</span> <span class='ocrx_word' id='word_1_37' title='bbox 978 626 1134 698; x_wconf 87' lang='lat' dir='ltr'>desereret,</span> 
     </span>
     <span class='ocr_line' id='line_1_6' title="bbox 109 719 1139 802; baseline -0.006 -18"><span class='ocrx_word' id='word_1_38' title='bbox 109 743 237 802; x_wconf 84' lang='lat' dir='ltr'>5neque</span> <span class='ocrx_word' id='word_1_39' title='bbox 265 744 297 785; x_wconf 90' lang='lat' dir='ltr'>se</span> <span class='ocrx_word' id='word_1_40' title='bbox 325 722 465 798; x_wconf 90' lang='lat' dir='ltr'>iudicare,</span> <span class='ocrx_word' id='word_1_41' title='bbox 496 721 624 782; x_wconf 83' lang='lat' dir='ltr'><strong>Galliam</strong></span> <span class='ocrx_word' id='word_1_42' title='bbox 650 720 750 797; x_wconf 89' lang='lat' dir='ltr'>potius</span> <span class='ocrx_word' id='word_1_43' title='bbox 783 739 848 780; x_wconf 92' lang='lat' dir='ltr'>esse</span> <span class='ocrx_word' id='word_1_44' title='bbox 881 719 1022 780; x_wconf 90' lang='lat' dir='ltr'>Ariovisti</span> <span class='ocrx_word' id='word_1_45' title='bbox 1049 739 1139 799; x_wconf 86' lang='lat' dir='ltr'>quam</span> 
     </span>
     <span class='ocr_line' id='line_1_7' title="bbox 139 818 1139 899; baseline -0.006 -19"><span class='ocrx_word' id='word_1_46' title='bbox 139 821 242 899; x_wconf 91' lang='lat' dir='ltr'>populi</span> <span class='ocrx_word' id='word_1_47' title='bbox 256 818 395 880; x_wconf 89' lang='lat' dir='ltr'>Romani.</span> <span class='ocrx_word' id='word_1_48' title='bbox 438 819 524 878; x_wconf 91' lang='lat' dir='ltr'>Bello</span> <span class='ocrx_word' id='word_1_49' title='bbox 541 828 693 894; x_wconf 89' lang='lat' dir='ltr'>superatos</span> <span class='ocrx_word' id='word_1_50' title='bbox 710 835 775 876; x_wconf 92' lang='lat' dir='ltr'>esse</span> <span class='ocrx_word' id='word_1_51' title='bbox 795 819 944 876; x_wconf 89' lang='lat' dir='ltr'>Arvernos</span> <span class='ocrx_word' id='word_1_52' title='bbox 959 828 988 877; x_wconf 89' lang='lat' dir='ltr'>et</span> <span class='ocrx_word' id='word_1_53' title='bbox 1003 820 1139 877; x_wconf 91' lang='lat' dir='ltr'>Rutenos</span> 
     </span>
     <span class='ocr_line' id='line_1_8' title="bbox 139 911 1139 991; baseline -0.005 -14"><span class='ocrx_word' id='word_1_54' title='bbox 139 918 178 977; x_wconf 91' lang='lat' dir='ltr'>ab</span> <span class='ocrx_word' id='word_1_55' title='bbox 199 918 237 991; x_wconf 88' lang='lat' dir='ltr'>Q.</span> <span class='ocrx_word' id='word_1_56' title='bbox 253 915 348 976; x_wconf 85' lang='lat' dir='ltr'>Fabio</span> <span class='ocrx_word' id='word_1_57' title='bbox 370 913 513 989; x_wconf 84' lang='lat' dir='ltr'>Maximo,</span> <span class='ocrx_word' id='word_1_58' title='bbox 529 913 636 990; x_wconf 92' lang='lat' dir='ltr'>quibus</span> <span class='ocrx_word' id='word_1_59' title='bbox 657 914 786 991; x_wconf 90' lang='lat' dir='ltr'>populus</span> <span class='ocrx_word' id='word_1_60' title='bbox 808 915 964 973; x_wconf 90' lang='lat' dir='ltr'>Romanus</span> <span class='ocrx_word' id='word_1_61' title='bbox 978 911 1139 988; x_wconf 86' lang='lat' dir='ltr'>ignovisset</span> 
     </span>
     <span class='ocr_line' id='line_1_9' title="bbox 141 1009 1141 1091; baseline -0.006 -17"><span class='ocrx_word' id='word_1_62' title='bbox 141 1032 238 1091; x_wconf 91' lang='lat' dir='ltr'>neque</span> <span class='ocrx_word' id='word_1_63' title='bbox 253 1010 283 1071; x_wconf 91' lang='lat' dir='ltr'>in</span> <span class='ocrx_word' id='word_1_64' title='bbox 297 1011 481 1090; x_wconf 90' lang='lat' dir='ltr'>provinciam</span> <span class='ocrx_word' id='word_1_65' title='bbox 494 1010 655 1087; x_wconf 86' lang='lat' dir='ltr'>redegisset</span> <span class='ocrx_word' id='word_1_66' title='bbox 675 1029 774 1086; x_wconf 90' lang='lat' dir='ltr'>neque</span> <span class='ocrx_word' id='word_1_67' title='bbox 793 1009 973 1087; x_wconf 87' lang='lat' dir='ltr'>stipendium</span> <span class='ocrx_word' id='word_1_68' title='bbox 987 1009 1141 1087; x_wconf 89' lang='lat' dir='ltr'>imposuis-</span> 
     </span>
     <span class='ocr_line' id='line_1_10' title="bbox 142 1107 1141 1186; baseline -0.004 -16"><span class='ocrx_word' id='word_1_69' title='bbox 142 1122 194 1171; x_wconf 89' lang='lat' dir='ltr'>set.</span> <span class='ocrx_word' id='word_1_70' title='bbox 239 1111 330 1186; x_wconf 88' lang='lat' dir='ltr'>Quod</span> <span class='ocrx_word' id='word_1_71' title='bbox 365 1109 390 1169; x_wconf 93' lang='lat' dir='ltr'>si</span> <span class='ocrx_word' id='word_1_72' title='bbox 424 1108 662 1185; x_wconf 90' lang='lat' dir='ltr'>antiquissimum</span> <span class='ocrx_word' id='word_1_73' title='bbox 694 1109 835 1185; x_wconf 91' lang='lat' dir='ltr'>quodque</span> <span class='ocrx_word' id='word_1_74' title='bbox 870 1117 987 1184; x_wconf 91' lang='lat' dir='ltr'>tempus</span> <span class='ocrx_word' id='word_1_75' title='bbox 1015 1107 1141 1185; x_wconf 86' lang='lat' dir='ltr'>spectari</span> 
     </span>
     <span class='ocr_line' id='line_1_11' title="bbox 93 1204 1142 1285; baseline -0.002 -19"><span class='ocrx_word' id='word_1_76' title='bbox 93 1228 129 1266; x_wconf 89' lang='lat' dir='ltr'>ro</span> <span class='ocrx_word' id='word_1_77' title='bbox 143 1217 300 1285; x_wconf 86' lang='lat' dir='ltr'>oporteret,</span> <span class='ocrx_word' id='word_1_78' title='bbox 336 1205 440 1284; x_wconf 90' lang='lat' dir='ltr'>populi</span> <span class='ocrx_word' id='word_1_79' title='bbox 475 1204 607 1264; x_wconf 86' lang='lat' dir='ltr'>Romani</span> <span class='ocrx_word' id='word_1_80' title='bbox 645 1205 837 1265; x_wconf 90' lang='lat' dir='ltr'>iustissimum</span> <span class='ocrx_word' id='word_1_81' title='bbox 875 1225 941 1268; x_wconf 89' lang='lat' dir='ltr'>esse</span> <span class='ocrx_word' id='word_1_82' title='bbox 960 1205 1006 1265; x_wconf 91' lang='lat' dir='ltr'>·in</span> <span class='ocrx_word' id='word_1_83' title='bbox 1046 1205 1142 1266; x_wconf 86' lang='lat' dir='ltr'>Gallia</span> 
     </span>
     <span class='ocr_line' id='line_1_12' title="bbox 142 1303 1142 1383; baseline -0.003 -19"><span class='ocrx_word' id='word_1_84' title='bbox 142 1305 318 1383; x_wconf 88' lang='lat' dir='ltr'>imperium;</span> <span class='ocrx_word' id='word_1_85' title='bbox 349 1304 373 1364; x_wconf 93' lang='lat' dir='ltr'>si</span> <span class='ocrx_word' id='word_1_86' title='bbox 387 1303 530 1364; x_wconf 90' lang='lat' dir='ltr'>iudicium</span> <span class='ocrx_word' id='word_1_87' title='bbox 550 1314 669 1363; x_wconf 91' lang='lat' dir='ltr'>senatus</span> <span class='ocrx_word' id='word_1_88' title='bbox 684 1303 832 1363; x_wconf 87' lang='lat' dir='ltr'>observari</span> <span class='ocrx_word' id='word_1_89' title='bbox 846 1314 1004 1380; x_wconf 88' lang='lat' dir='ltr'>oporteret,</span> <span class='ocrx_word' id='word_1_90' title='bbox 1019 1303 1142 1364; x_wconf 91' lang='lat' dir='ltr'>liberam</span> 
     </span>
     <span class='ocr_line' id='line_1_13' title="bbox 142 1397 1143 1475; baseline -0.004 -14"><span class='ocrx_word' id='word_1_91' title='bbox 142 1402 252 1461; x_wconf 90' lang='lat' dir='ltr'>debere</span> <span class='ocrx_word' id='word_1_92' title='bbox 272 1419 338 1461; x_wconf 90' lang='lat' dir='ltr'>esse</span> <span class='ocrx_word' id='word_1_93' title='bbox 359 1399 496 1474; x_wconf 86' lang='lat' dir='ltr'>Galliam,</span> <span class='ocrx_word' id='word_1_94' title='bbox 518 1418 609 1475; x_wconf 90' lang='lat' dir='ltr'>quam</span> <span class='ocrx_word' id='word_1_95' title='bbox 629 1400 709 1459; x_wconf 91' lang='lat' dir='ltr'>bello</span> <span class='ocrx_word' id='word_1_96' title='bbox 736 1398 844 1458; x_wconf 89' lang='lat' dir='ltr'>victam</span> <span class='ocrx_word' id='word_1_97' title='bbox 872 1398 931 1458; x_wconf 92' lang='lat' dir='ltr'>suis</span> <span class='ocrx_word' id='word_1_98' title='bbox 959 1399 1072 1475; x_wconf 90' lang='lat' dir='ltr'>legibus</span> <span class='ocrx_word' id='word_1_99' title='bbox 1099 1397 1143 1458; x_wconf 91' lang='lat' dir='ltr'>uti</span> 
     </span>
     <span class='ocr_line' id='line_1_14' title="bbox 143 1493 1144 1570; baseline -0.002 -14"><span class='ocrx_word' id='word_1_100' title='bbox 143 1496 293 1556; x_wconf 83' lang='lat' dir='ltr'>voluisset.</span> <span class='ocrx_word' id='word_1_101' title='bbox 335 1499 382 1570; x_wconf 90' lang='lat'>46.</span> <span class='ocrx_word' id='word_1_102' title='bbox 427 1497 509 1554; x_wconf 92' lang='lat' dir='ltr'>Dum</span> <span class='ocrx_word' id='word_1_103' title='bbox 530 1497 605 1554; x_wconf 89' lang='lat' dir='ltr'>haec</span> <span class='ocrx_word' id='word_1_104' title='bbox 625 1494 656 1554; x_wconf 89' lang='lat' dir='ltr'>in</span> <span class='ocrx_word' id='word_1_105' title='bbox 677 1493 827 1570; x_wconf 91' lang='lat' dir='ltr'>colloquio</span> <span class='ocrx_word' id='word_1_106' title='bbox 851 1506 998 1570; x_wconf 88' lang='lat' dir='ltr'>geruntur,</span> <span class='ocrx_word' id='word_1_107' title='bbox 1023 1495 1144 1556; x_wconf 84' lang='lat' dir='ltr'>Caesari</span> 
     </span>
     <span class='ocr_line' id='line_1_15' title="bbox 143 1588 1145 1667; baseline -0.002 -17"><span class='ocrx_word' id='word_1_108' title='bbox 143 1591 312 1652; x_wconf 86' lang='lat' dir='ltr'>nuntiatum</span> <span class='ocrx_word' id='word_1_109' title='bbox 333 1602 386 1664; x_wconf 93' lang='lat' dir='ltr'>est,</span> <span class='ocrx_word' id='word_1_110' title='bbox 402 1590 515 1667; x_wconf 89' lang='lat' dir='ltr'>equites</span> <span class='ocrx_word' id='word_1_111' title='bbox 538 1589 680 1649; x_wconf 89' lang='lat' dir='ltr'>Ariovisti</span> <span class='ocrx_word' id='word_1_112' title='bbox 700 1588 821 1665; x_wconf 88' lang='lat' dir='ltr'>propius</span> <span class='ocrx_word' id='word_1_113' title='bbox 842 1590 988 1647; x_wconf 91' lang='lat' dir='ltr'>tumulum</span> <span class='ocrx_word' id='word_1_114' title='bbox 1002 1589 1145 1648; x_wconf 87' lang='lat' dir='ltr'>accedere</span> 
     </span>
     <span class='ocr_line' id='line_1_16' title="bbox 96 1684 1142 1764; baseline 0 -18"><span class='ocrx_word' id='word_1_115' title='bbox 96 1705 129 1764; x_wconf 86' lang='lat'>15</span> <span class='ocrx_word' id='word_1_116' title='bbox 145 1698 175 1747; x_wconf 98' lang='lat' dir='ltr'>et</span> <span class='ocrx_word' id='word_1_117' title='bbox 188 1689 228 1749; x_wconf 91' lang='lat' dir='ltr'>ad</span> <span class='ocrx_word' id='word_1_118' title='bbox 241 1698 358 1748; x_wconf 89' lang='lat' dir='ltr'>nostros</span> <span class='ocrx_word' id='word_1_119' title='bbox 372 1685 552 1762; x_wconf 88' lang='lat' dir='ltr'>adequitare,</span> <span class='ocrx_word' id='word_1_120' title='bbox 565 1685 679 1763; x_wconf 88' lang='lat' dir='ltr'>lapides</span> <span class='ocrx_word' id='word_1_121' title='bbox 693 1687 811 1762; x_wconf 91' lang='lat' dir='ltr'>telaque</span> <span class='ocrx_word' id='word_1_122' title='bbox 827 1684 858 1744; x_wconf 92' lang='lat' dir='ltr'>in</span> <span class='ocrx_word' id='word_1_123' title='bbox 869 1697 987 1747; x_wconf 89' lang='lat' dir='ltr'>nostros</span> <span class='ocrx_word' id='word_1_124' title='bbox 998 1687 1142 1746; x_wconf 90' lang='lat' dir='ltr'>conicere.</span> 
     </span>
     <span class='ocr_line' id='line_1_17' title="bbox 145 1780 1144 1858; baseline -0.003 -15"><span class='ocrx_word' id='word_1_125' title='bbox 145 1784 257 1843; x_wconf 89' lang='lat' dir='ltr'>Caesar</span> <span class='ocrx_word' id='word_1_126' title='bbox 277 1780 421 1858; x_wconf 91' lang='lat' dir='ltr'>loquendi</span> <span class='ocrx_word' id='word_1_127' title='bbox 441 1782 533 1841; x_wconf 89' lang='lat' dir='ltr'>finem</span> <span class='ocrx_word' id='word_1_128' title='bbox 554 1780 625 1840; x_wconf 89' lang='lat' dir='ltr'>facit</span> <span class='ocrx_word' id='word_1_129' title='bbox 646 1800 737 1857; x_wconf 92' lang='lat' dir='ltr'>seque</span> <span class='ocrx_word' id='word_1_130' title='bbox 758 1781 798 1840; x_wconf 89' lang='lat' dir='ltr'>ad</span> <span class='ocrx_word' id='word_1_131' title='bbox 818 1799 887 1841; x_wconf 92' lang='lat' dir='ltr'>suos</span> <span class='ocrx_word' id='word_1_132' title='bbox 901 1780 1011 1857; x_wconf 89' lang='lat' dir='ltr'>recepit</span> <span class='ocrx_word' id='word_1_133' title='bbox 1026 1781 1144 1857; x_wconf 91' lang='lat' dir='ltr'>suisque</span> 
     </span>
     <span class='ocr_line' id='line_1_18' title="bbox 146 1877 1145 1956; baseline -0.002 -18"><span class='ocrx_word' id='word_1_134' title='bbox 146 1877 310 1956; x_wconf 89' lang='lat' dir='ltr'>imperavit,</span> <span class='ocrx_word' id='word_1_135' title='bbox 324 1897 362 1938; x_wconf 90' lang='lat' dir='ltr'>ne</span> <span class='ocrx_word' id='word_1_136' title='bbox 377 1880 460 1955; x_wconf 93' lang='lat' dir='ltr'>quod</span> <span class='ocrx_word' id='word_1_137' title='bbox 474 1877 597 1938; x_wconf 91' lang='lat' dir='ltr'>omnino</span> <span class='ocrx_word' id='word_1_138' title='bbox 611 1879 704 1938; x_wconf 92' lang='lat' dir='ltr'>telum</span> <span class='ocrx_word' id='word_1_139' title='bbox 717 1879 749 1936; x_wconf 93' lang='lat' dir='ltr'>in</span> <span class='ocrx_word' id='word_1_140' title='bbox 762 1879 863 1938; x_wconf 89' lang='lat' dir='ltr'>hostes</span> <span class='ocrx_word' id='word_1_141' title='bbox 877 1877 1027 1938; x_wconf 88' lang='lat' dir='ltr'>reicerent.</span> <span class='ocrx_word' id='word_1_142' title='bbox 1066 1881 1145 1937; x_wconf 90' lang='lat' dir='ltr'>Nam</span> 
     </span>
     <span class='ocr_line' id='line_1_19' title="bbox 147 1975 1146 2053; baseline -0.001 -17"><span class='ocrx_word' id='word_1_143' title='bbox 147 1976 203 2036; x_wconf 93' lang='lat' dir='ltr'>etsi</span> <span class='ocrx_word' id='word_1_144' title='bbox 236 1976 300 2035; x_wconf 92' lang='lat' dir='ltr'>sine</span> <span class='ocrx_word' id='word_1_145' title='bbox 334 1977 395 2036; x_wconf 90' lang='lat' dir='ltr'>ullo</span> <span class='ocrx_word' id='word_1_146' title='bbox 429 1975 561 2053; x_wconf 89' lang='lat' dir='ltr'>periculo</span> <span class='ocrx_word' id='word_1_147' title='bbox 595 1975 720 2052; x_wconf 87' lang='lat' dir='ltr'>legionis</span> <span class='ocrx_word' id='word_1_148' title='bbox 754 1976 887 2036; x_wconf 89' lang='lat' dir='ltr'>delectae</span> <span class='ocrx_word' id='word_1_149' title='bbox 915 1996 985 2035; x_wconf 90' lang='lat' dir='ltr'>cum</span> <span class='ocrx_word' id='word_1_150' title='bbox 1012 1975 1146 2052; x_wconf 90' lang='lat' dir='ltr'>equitatu</span> 
     </span>
     <span class='ocr_line' id='line_1_20' title="bbox 146 2073 1144 2151; baseline -0.001 -18"><span class='ocrx_word' id='word_1_151' title='bbox 146 2073 292 2151; x_wconf 89' lang='lat' dir='ltr'>proelium</span> <span class='ocrx_word' id='word_1_152' title='bbox 313 2075 375 2133; x_wconf 85' lang='lat' dir='ltr'>fore</span> <span class='ocrx_word' id='word_1_153' title='bbox 394 2073 524 2146; x_wconf 88' lang='lat' dir='ltr'>videbat,</span> <span class='ocrx_word' id='word_1_154' title='bbox 540 2083 641 2133; x_wconf 90' lang='lat' dir='ltr'>tamen</span> <span class='ocrx_word' id='word_1_155' title='bbox 662 2073 909 2133; x_wconf 88' lang='lat' dir='ltr'>committendum</span> <span class='ocrx_word' id='word_1_156' title='bbox 930 2094 992 2134; x_wconf 90' lang='lat' dir='ltr'>non</span> <span class='ocrx_word' id='word_1_157' title='bbox 1013 2074 1144 2150; x_wconf 89' lang='lat' dir='ltr'>putabat,</span> 
     </span>
     <span class='ocr_line' id='line_1_21' title="bbox 97 2169 1147 2247; baseline -0.002 -14"><span class='ocrx_word' id='word_1_158' title='bbox 97 2195 134 2237; x_wconf 86' lang='lat'>20</span> <span class='ocrx_word' id='word_1_159' title='bbox 147 2181 180 2229; x_wconf 92' lang='lat' dir='ltr'>ut</span> <span class='ocrx_word' id='word_1_160' title='bbox 200 2169 292 2246; x_wconf 90' lang='lat' dir='ltr'>pulsis</span> <span class='ocrx_word' id='word_1_161' title='bbox 313 2169 447 2229; x_wconf 92' lang='lat' dir='ltr'>hostibus</span> <span class='ocrx_word' id='word_1_162' title='bbox 469 2169 528 2230; x_wconf 93' lang='lat' dir='ltr'>dici</span> <span class='ocrx_word' id='word_1_163' title='bbox 549 2179 651 2246; x_wconf 92' lang='lat' dir='ltr'>posset</span> <span class='ocrx_word' id='word_1_164' title='bbox 670 2189 721 2229; x_wconf 92' lang='lat' dir='ltr'>eos</span> <span class='ocrx_word' id='word_1_165' title='bbox 739 2170 778 2229; x_wconf 89' lang='lat' dir='ltr'>ab</span> <span class='ocrx_word' id='word_1_166' title='bbox 793 2189 825 2228; x_wconf 92' lang='lat' dir='ltr'>se</span> <span class='ocrx_word' id='word_1_167' title='bbox 838 2189 892 2247; x_wconf 87' lang='lat' dir='ltr'>per</span> <span class='ocrx_word' id='word_1_168' title='bbox 906 2170 998 2229; x_wconf 89' lang='lat' dir='ltr'>fidem</span> <span class='ocrx_word' id='word_1_169' title='bbox 1011 2169 1042 2228; x_wconf 91' lang='lat' dir='ltr'>iu</span> <span class='ocrx_word' id='word_1_170' title='bbox 1056 2172 1147 2231; x_wconf 92' lang='lat' dir='ltr'>collo-</span> 
     </span>
     <span class='ocr_line' id='line_1_22' title="bbox 149 2263 1146 2345; baseline 0.003 -20"><span class='ocrx_word' id='word_1_171' title='bbox 149 2263 220 2342; x_wconf 89' lang='lat' dir='ltr'>quio</span> <span class='ocrx_word' id='word_1_172' title='bbox 234 2266 458 2327; x_wconf 89' lang='lat' dir='ltr'>circumventos.</span> <span class='ocrx_word' id='word_1_173' title='bbox 501 2269 699 2344; x_wconf 87' lang='lat' dir='ltr'>Posteaquam</span> <span class='ocrx_word' id='word_1_174' title='bbox 719 2267 751 2327; x_wconf 87' lang='lat' dir='ltr'>in</span> <span class='ocrx_word' id='word_1_175' title='bbox 769 2269 872 2345; x_wconf 89' lang='lat' dir='ltr'>volgus</span> <span class='ocrx_word' id='word_1_176' title='bbox 894 2268 1022 2328; x_wconf 83' lang='lat' dir='ltr'>militum</span> <span class='ocrx_word' id='word_1_177' title='bbox 1036 2269 1146 2329; x_wconf 92' lang='lat' dir='ltr'>elatum</span> 
     </span>
     <span class='ocr_line' id='line_1_23' title="bbox 149 2363 1148 2441; baseline 0.006 -17"><span class='ocrx_word' id='word_1_178' title='bbox 149 2374 202 2437; x_wconf 93' lang='lat' dir='ltr'>est,</span> <span class='ocrx_word' id='word_1_179' title='bbox 218 2375 278 2440; x_wconf 86' lang='lat' dir='ltr'>qu&#39;a</span> <span class='ocrx_word' id='word_1_180' title='bbox 296 2364 461 2441; x_wconf 84' lang='lat' dir='ltr'>arrogantia</span> <span class='ocrx_word' id='word_1_181' title='bbox 479 2363 509 2422; x_wconf 90' lang='lat' dir='ltr'>in</span> <span class='ocrx_word' id='word_1_182' title='bbox 524 2365 674 2441; x_wconf 91' lang='lat' dir='ltr'>colloquio</span> <span class='ocrx_word' id='word_1_183' title='bbox 687 2363 853 2424; x_wconf 90' lang='lat' dir='ltr'>Ariovistus</span> <span class='ocrx_word' id='word_1_184' title='bbox 867 2385 938 2426; x_wconf 90' lang='lat' dir='ltr'>usus</span> <span class='ocrx_word' id='word_1_185' title='bbox 953 2366 1036 2427; x_wconf 91' lang='lat' dir='ltr'>omni</span> <span class='ocrx_word' id='word_1_186' title='bbox 1050 2365 1148 2430; x_wconf 78' lang='lat' dir='ltr'>Gallia</span> 
     </span>
    </p>

    <p class='ocr_par' dir='ltr' id='par_1_4' title="bbox 97 2457 1158 2829">
     <span class='ocr_line' id='line_1_24' title="bbox 97 2457 1158 2538; baseline -0.001 -17"><span class='ocrx_word' id='word_1_187' title='bbox 97 2474 99 2477; x_wconf 80' lang='grc'>’</span> <span class='ocrx_word' id='word_1_188' title='bbox 150 2458 295 2521; x_wconf 87' lang='lat' dir='ltr'>Romanis</span> <span class='ocrx_word' id='word_1_189' title='bbox 316 2457 522 2531; x_wconf 89' lang='lat' dir='ltr'>interdixisset,</span> <span class='ocrx_word' id='word_1_190' title='bbox 542 2459 746 2536; x_wconf 90' lang='lat' dir='ltr'>impetumque</span> <span class='ocrx_word' id='word_1_191' title='bbox 765 2458 796 2518; x_wconf 91' lang='lat' dir='ltr'>in</span> <span class='ocrx_word' id='word_1_192' title='bbox 815 2471 932 2521; x_wconf 93' lang='lat' dir='ltr'>nostros</span> <span class='ocrx_word' id='word_1_193' title='bbox 950 2461 1013 2522; x_wconf 90' lang='lat' dir='ltr'>eius</span> <span class='ocrx_word' id='word_1_194' title='bbox 1032 2461 1158 2538; x_wconf 90' lang='lat' dir='ltr'>equites·</span> 
     </span>
     <span class='ocr_line' id='line_1_25' title="bbox 149 2554 1148 2633; baseline -0.001 -17"><span class='ocrx_word' id='word_1_195' title='bbox 149 2555 295 2630; x_wconf 76' lang='lat' dir='ltr'>fecissent,</span> <span class='ocrx_word' id='word_1_196' title='bbox 312 2575 407 2632; x_wconf 89' lang='lat' dir='ltr'>eaque</span> <span class='ocrx_word' id='word_1_197' title='bbox 423 2575 470 2618; x_wconf 88' lang='lat' dir='ltr'>res</span> <span class='ocrx_word' id='word_1_198' title='bbox 488 2555 671 2633; x_wconf 90' lang='lat' dir='ltr'>colloquium</span> <span class='ocrx_word' id='word_1_199' title='bbox 689 2566 722 2615; x_wconf 91' lang='lat' dir='ltr'>ut</span> <span class='ocrx_word' id='word_1_200' title='bbox 743 2554 917 2630; x_wconf 88' lang='lat' dir='ltr'>diremisset,</span> <span class='ocrx_word' id='word_1_201' title='bbox 939 2558 1034 2617; x_wconf 91' lang='lat' dir='ltr'>multo</span> <span class='ocrx_word' id='word_1_202' title='bbox 1053 2556 1148 2616; x_wconf 88' lang='lat' dir='ltr'>maior</span> 
     </span>
     <span class='ocr_line' id='line_1_26' title="bbox 101 2650 1145 2732; baseline 0.003 -20"><span class='ocrx_word' id='word_1_203' title='bbox 101 2673 136 2731; x_wconf 87' lang='lat'>25</span> <span class='ocrx_word' id='word_1_204' title='bbox 150 2654 283 2714; x_wconf 83' lang='lat' dir='ltr'>alacritas</span> <span class='ocrx_word' id='word_1_205' title='bbox 297 2654 488 2730; x_wconf 86' lang='lat' dir='ltr'>studiumque</span> <span class='ocrx_word' id='word_1_206' title='bbox 508 2651 662 2732; x_wconf 89' lang='lat' dir='ltr'>pugnandi</span> <span class='ocrx_word' id='word_1_207' title='bbox 675 2650 770 2713; x_wconf 86' lang='lat' dir='ltr'>maius</span> <span class='ocrx_word' id='word_1_208' title='bbox 784 2651 924 2713; x_wconf 85' lang='lat' dir='ltr'>exercitui</span> <span class='ocrx_word' id='word_1_209' title='bbox 937 2652 1079 2716; x_wconf 88' lang='lat' dir='ltr'>iniectum</span> <span class='ocrx_word' id='word_1_210' title='bbox 1093 2664 1145 2715; x_wconf 87' lang='lat' dir='ltr'>est.</span> 
     </span>
     <span class='ocr_line' id='line_1_27' title="bbox 211 2749 1148 2829; baseline -0.001 -18"><span class='ocrx_word' id='word_1_211' title='bbox 211 2770 258 2827; x_wconf 84' lang='lat'>47.</span> <span class='ocrx_word' id='word_1_212' title='bbox 303 2751 399 2811; x_wconf 93' lang='lat' dir='ltr'>Biduo</span> <span class='ocrx_word' id='word_1_213' title='bbox 413 2763 482 2829; x_wconf 92' lang='lat' dir='ltr'>post</span> <span class='ocrx_word' id='word_1_214' title='bbox 496 2750 660 2812; x_wconf 89' lang='lat' dir='ltr'>Ariovistus</span> <span class='ocrx_word' id='word_1_215' title='bbox 674 2751 713 2810; x_wconf 89' lang='lat' dir='ltr'>ad</span> <span class='ocrx_word' id='word_1_216' title='bbox 731 2753 891 2812; x_wconf 87' lang='lat' dir='ltr'>Caesarem</span> <span class='ocrx_word' id='word_1_217' title='bbox 909 2751 1021 2827; x_wconf 89' lang='lat' dir='ltr'>legatos</span> <span class='ocrx_word' id='word_1_218' title='bbox 1040 2749 1148 2812; x_wconf 89' lang='lat' dir='ltr'>mittit:</span> 
     </span>
    </p>

    <p class='ocr_par' dir='ltr' id='par_1_5' title="bbox 100 2845 1151 3409">
     <span class='ocr_line' id='line_1_28' title="bbox 151 2845 1148 2925; baseline 0 -19"><span class='ocrx_word' id='word_1_219' title='bbox 151 2849 236 2908; x_wconf 91' lang='lat' dir='ltr'>Velle</span> <span class='ocrx_word' id='word_1_220' title='bbox 264 2867 296 2907; x_wconf 90' lang='lat' dir='ltr'>se</span> <span class='ocrx_word' id='word_1_221' title='bbox 318 2850 357 2908; x_wconf 92' lang='lat' dir='ltr'>de</span> <span class='ocrx_word' id='word_1_222' title='bbox 383 2846 429 2907; x_wconf 89' lang='lat' dir='ltr'>his</span> <span class='ocrx_word' id='word_1_223' title='bbox 450 2848 544 2923; x_wconf 90' lang='lat' dir='ltr'>rebus,</span> <span class='ocrx_word' id='word_1_224' title='bbox 570 2868 647 2925; x_wconf 87' lang='lat' dir='ltr'>quae</span> <span class='ocrx_word' id='word_1_225' title='bbox 667 2847 743 2907; x_wconf 92' lang='lat' dir='ltr'>inter</span> <span class='ocrx_word' id='word_1_226' title='bbox 763 2865 816 2906; x_wconf 90' lang='lat' dir='ltr'>eos</span> <span class='ocrx_word' id='word_1_227' title='bbox 836 2845 884 2923; x_wconf 91' lang='lat' dir='ltr'>agi</span> <span class='ocrx_word' id='word_1_228' title='bbox 905 2855 1029 2922; x_wconf 87' lang='lat' dir='ltr'>coeptae</span> <span class='ocrx_word' id='word_1_229' title='bbox 1049 2865 1148 2922; x_wconf 92' lang='lat' dir='ltr'>neque</span> 
     </span>
     <span class='ocr_line' id='line_1_29' title="bbox 151 2943 1149 3023; baseline -0.002 -18"><span class='ocrx_word' id='word_1_230' title='bbox 151 2948 298 3021; x_wconf 84' lang='lat' dir='ltr'>perfectae</span> <span class='ocrx_word' id='word_1_231' title='bbox 319 2957 425 3021; x_wconf 80' lang='lat' dir='ltr'>essent,</span> <span class='ocrx_word' id='word_1_232' title='bbox 450 2965 535 3023; x_wconf 88' lang='lat' dir='ltr'>agere</span> <span class='ocrx_word' id='word_1_233' title='bbox 556 2965 624 3004; x_wconf 91' lang='lat' dir='ltr'>cum</span> <span class='ocrx_word' id='word_1_234' title='bbox 644 2964 699 3008; x_wconf 85' lang='lat' dir='ltr'>eo:</span> <span class='ocrx_word' id='word_1_235' title='bbox 729 2943 772 3003; x_wconf 93' lang='lat' dir='ltr'>uti</span> <span class='ocrx_word' id='word_1_236' title='bbox 791 2954 842 3003; x_wconf 89' lang='lat' dir='ltr'>aut</span> <span class='ocrx_word' id='word_1_237' title='bbox 870 2943 975 3003; x_wconf 90' lang='lat' dir='ltr'>iterum</span> <span class='ocrx_word' id='word_1_238' title='bbox 998 2943 1149 3019; x_wconf 91' lang='lat' dir='ltr'>colloquio</span> 
     </span>
     <span class='ocr_line' id='line_1_30' title="bbox 153 3038 1151 3117; baseline -0.005 -14"><span class='ocrx_word' id='word_1_239' title='bbox 153 3043 232 3104; x_wconf 88' lang='lat' dir='ltr'>diem</span> <span class='ocrx_word' id='word_1_240' title='bbox 253 3041 444 3102; x_wconf 89' lang='lat' dir='ltr'>constitueret</span> <span class='ocrx_word' id='word_1_241' title='bbox 464 3043 523 3116; x_wconf 89' lang='lat' dir='ltr'>aut,</span> <span class='ocrx_word' id='word_1_242' title='bbox 552 3041 577 3102; x_wconf 93' lang='lat' dir='ltr'>si</span> <span class='ocrx_word' id='word_1_243' title='bbox 603 3041 636 3101; x_wconf 94' lang='lat' dir='ltr'>id</span> <span class='ocrx_word' id='word_1_244' title='bbox 662 3040 760 3100; x_wconf 90' lang='lat' dir='ltr'>minus</span> <span class='ocrx_word' id='word_1_245' title='bbox 788 3042 883 3112; x_wconf 91' lang='lat' dir='ltr'>vellet,</span> <span class='ocrx_word' id='word_1_246' title='bbox 913 3059 930 3100; x_wconf 90' lang='lat' dir='ltr'>e</span> <span class='ocrx_word' id='word_1_247' title='bbox 958 3039 1017 3100; x_wconf 90' lang='lat' dir='ltr'>suis</span> <span class='ocrx_word' id='word_1_248' title='bbox 1045 3038 1151 3117; x_wconf 87' lang='lat' dir='ltr'>legatis</span> 
     </span>
     <span class='ocr_line' id='line_1_31' title="bbox 100 3132 1149 3225; baseline -0.007 -26"><span class='ocrx_word' id='word_1_249' title='bbox 100 3169 139 3225; x_wconf 86' lang='lat'>30</span> <span class='ocrx_word' id='word_1_250' title='bbox 153 3140 282 3216; x_wconf 90' lang='lat' dir='ltr'>aliquem</span> <span class='ocrx_word' id='word_1_251' title='bbox 309 3140 349 3199; x_wconf 91' lang='lat' dir='ltr'>ad</span> <span class='ocrx_word' id='word_1_252' title='bbox 376 3159 408 3201; x_wconf 90' lang='lat' dir='ltr'>se</span> <span class='ocrx_word' id='word_1_253' title='bbox 428 3137 563 3200; x_wconf 86' lang='lat' dir='ltr'>mitteret</span> <span class='ocrx_word' id='word_1_254' title='bbox 606 3137 808 3216; x_wconf 90' lang='lat' dir='ltr'>Colloquendi</span> <span class='ocrx_word' id='word_1_255' title='bbox 831 3135 952 3199; x_wconf 88' lang='lat' dir='ltr'>Caesari</span> <span class='ocrx_word' id='word_1_256' title='bbox 976 3155 1064 3196; x_wconf 86' lang='lat' dir='ltr'>causa</span> <span class='ocrx_word' id='word_1_257' title='bbox 1086 3132 1149 3195; x_wconf 89' lang='lat' dir='ltr'>visa</span> 
     </span>
     <span class='ocr_line' id='line_1_32' title="bbox 154 3229 1150 3314; baseline -0.006 -19"><span class='ocrx_word' id='word_1_258' title='bbox 154 3256 216 3296; x_wconf 92' lang='lat' dir='ltr'>non</span> <span class='ocrx_word' id='word_1_259' title='bbox 236 3246 288 3313; x_wconf 92' lang='lat' dir='ltr'>est,</span> <span class='ocrx_word' id='word_1_260' title='bbox 312 3246 341 3296; x_wconf 91' lang='lat' dir='ltr'>et</span> <span class='ocrx_word' id='word_1_261' title='bbox 362 3255 399 3296; x_wconf 89' lang='lat' dir='ltr'>eo</span> <span class='ocrx_word' id='word_1_262' title='bbox 413 3234 514 3314; x_wconf 88' lang='lat' dir='ltr'>magis,</span> <span class='ocrx_word' id='word_1_263' title='bbox 533 3237 615 3312; x_wconf 91' lang='lat' dir='ltr'>quod</span> <span class='ocrx_word' id='word_1_264' title='bbox 632 3234 727 3312; x_wconf 89' lang='lat' dir='ltr'>pridie</span> <span class='ocrx_word' id='word_1_265' title='bbox 745 3234 807 3296; x_wconf 89' lang='lat' dir='ltr'>eius</span> <span class='ocrx_word' id='word_1_266' title='bbox 827 3233 887 3296; x_wconf 89' lang='lat' dir='ltr'>diei</span> <span class='ocrx_word' id='word_1_267' title='bbox 908 3231 1050 3294; x_wconf 89' lang='lat' dir='ltr'>Germani</span> <span class='ocrx_word' id='word_1_268' title='bbox 1063 3229 1150 3291; x_wconf 91' lang='lat' dir='ltr'>retin-</span> 
     </span>
     <span class='ocr_line' id='line_1_33' title="bbox 155 3330 1150 3409; baseline -0.007 -17"><span class='ocrx_word' id='word_1_269' title='bbox 155 3331 197 3392; x_wconf 88' lang='lat' dir='ltr'>eri</span> <span class='ocrx_word' id='word_1_270' title='bbox 215 3351 277 3391; x_wconf 92' lang='lat' dir='ltr'>non</span> <span class='ocrx_word' id='word_1_271' title='bbox 290 3343 435 3409; x_wconf 86' lang='lat' dir='ltr'>poterant,</span> <span class='ocrx_word' id='word_1_272' title='bbox 454 3331 526 3409; x_wconf 89' lang='lat' dir='ltr'>quin</span> <span class='ocrx_word' id='word_1_273' title='bbox 540 3331 571 3390; x_wconf 92' lang='lat' dir='ltr'>in</span> <span class='ocrx_word' id='word_1_274' title='bbox 586 3341 702 3392; x_wconf 93' lang='lat' dir='ltr'>nostros</span> <span class='ocrx_word' id='word_1_275' title='bbox 717 3332 776 3390; x_wconf 91' lang='lat' dir='ltr'>tela</span> <span class='ocrx_word' id='word_1_276' title='bbox 789 3330 965 3389; x_wconf 89' lang='lat' dir='ltr'>conicerent.</span> <span class='ocrx_word' id='word_1_277' title='bbox 1003 3332 1150 3405; x_wconf 90' lang='lat' dir='ltr'>Legatum</span> 
     </span>
    </p>

    <p class='ocr_par' dir='ltr' id='par_1_6' title="bbox 145 3425 1153 3508">
     <span class='ocr_line' id='line_1_34' title="bbox 145 3425 1153 3508; baseline 0 -25"><span class='ocrx_word' id='word_1_278' title='bbox 145 3447 166 3483; x_wconf 86' lang='lat' dir='ltr'>e</span> <span class='ocrx_word' id='word_1_279' title='bbox 190 3429 257 3485; x_wconf 78' lang='lat' dir='ltr'>suis</span> <span class='ocrx_word' id='word_1_280' title='bbox 285 3449 355 3490; x_wconf 88' lang='lat' dir='ltr'>sese</span> <span class='ocrx_word' id='word_1_281' title='bbox 380 3449 493 3508; x_wconf 86' lang='lat' dir='ltr'>magno</span> <span class='ocrx_word' id='word_1_282' title='bbox 523 3449 592 3491; x_wconf 91' lang='lat' dir='ltr'>cum</span> <span class='ocrx_word' id='word_1_283' title='bbox 619 3427 751 3506; x_wconf 89' lang='lat' dir='ltr'>periculo</span> <span class='ocrx_word' id='word_1_284' title='bbox 779 3427 819 3490; x_wconf 85' lang='lat' dir='ltr'>ad</span> <span class='ocrx_word' id='word_1_285' title='bbox 846 3445 915 3487; x_wconf 91' lang='lat' dir='ltr'>eum</span> <span class='ocrx_word' id='word_1_286' title='bbox 938 3425 1095 3485; x_wconf 89' lang='lat' dir='ltr'>missurum</span> <span class='ocrx_word' id='word_1_287' title='bbox 1120 3434 1153 3484; x_wconf 87' lang='lat' dir='ltr'>et</span> 
     </span>
    </p>
   </div>
   <div class='ocr_carea' id='block_1_3' title="bbox 0 0 1260 3796">
    <p class='ocr_par' dir='ltr' id='par_1_7' title="bbox 0 0 1260 3796">
     <span class='ocr_line' id='line_1_35' title="bbox 0 0 1260 3796; baseline 0 0"><span class='ocrx_word' id='word_1_288' title='bbox 0 0 1260 3796; x_wconf 95' lang='lat' dir='ltr'> </span> 
     </span>
    </p>
   </div>
  </div>
 </body>
</html>
