2476 3796
158 233 178 286 4
418 213 487 273 DE
513 211 664 273 BELLO
695 212 835 272 GALLI
835 211 862 270 C
863 211 890 271 0

159 352 189 403 et
217 342 248 401 in
273 362 375 420 agrum
405 341 549 402 Noricum
577 343 751 404 transierant
780 343 981 420 Noreiamque
1009 361 1159 421 oppugna-

157 451 232 515 rant,
262 452 399 517 receptos
426 441 465 500 ad
493 460 524 501 se
553 441 650 502 socios
685 441 741 502 sibi
775 441 952 501 adsciscunt.
996 443 1022 499 6.
1046 442 1159 500 .Erant

159 536 282 597 omnino
303 536 409 596 itinera
429 537 500 610 duo,
516 537 624 613 quibus
643 537 799 598 itineribus
820 538 911 597 domo
926 536 1004 597 exire
1018 548 1159 612 possent:

159 652 253 693 unum
279 652 333 709 per
360 635 522 710 Sequanos,
546 644 706 710 angustum
727 644 757 693 et
778 632 905 707 difficile,
928 630 1005 691 inter
1025 642 1160 691 montem

128 731 259 798 5-Iuram
275 740 304 789 et
320 729 432 788 flumen
449 729 639 804 Rhodanum,
660 728 709 789 vix
723 748 783 806 qua
802 727 909 805 singuli
930 726 1002 786 carri
1021 727 1160 786 duceren-

158 839 220 902 tur;
241 847 328 887 mons
348 838 447 887 autem
468 827 628 887 altissimus
647 826 848 903 impendebat,
864 836 896 885 ut
917 824 1002 884 facile
1022 819 1161 899 perpauci

159 922 316 1000 prohibere
336 934 477 998 possent:
505 924 631 983 alterum
648 941 702 998 per
715 920 896 998 provinciam
910 929 1048 992 nostram,
1067 919 1161 976 multo

159 1019 273 1079 facilius
287 1029 378 1095 atque
392 1017 565 1095 expeditius
580 1029 737 1096 propterea
751 1017 832 1095 quod
846 1016 922 1077 inter
935 1018 1009 1076 fines
1025 1013 1159 1074 Helveti-

64 1175 67 1180 .
161 1136 247 1177 orum
262 1127 292 1177 et
305 1119 510 1192 Allobrogum,
528 1116 578 1193 qui
593 1135 688 1192 nuper
698 1113 796 1192 pacati
810 1125 899 1188 erant,
918 1114 1084 1173 Rhodanus
1098 1111 1162 1171 fluit

112 1231 147 1269 10
161 1213 247 1291 isque
267 1214 418 1274 nonnullis
440 1213 513 1273 locis
533 1213 612 1272 vado
633 1212 779 1272 transitur.
824 1215 997 1272 Extremum
1018 1209 1162 1287 oppidum

160 1313 355 1389 Allobrogum
377 1322 422 1376 est
441 1309 669 1388 proximumque
685 1308 893 1370 Helvetiorum
907 1309 1015 1368 finibus
1030 1310 1160 1367 Genava.

164 1409 209 1465 Ex
229 1427 265 1466 eo
287 1406 400 1483 oppido
420 1425 498 1482 pons
518 1406 558 1465 ad
587 1404 744 1465 Helvetios
771 1404 908 1482 pertinet.
951 1403 1163 1480 Allobrogibus

162 1523 226 1564 sese
239 1505 287 1563 vel
301 1521 498 1580 persuasuros‚
515 1502 597 1577 quod
611 1502 746 1561 nondum
760 1502 842 1561 bono
857 1500 956 1559 animo
971 1499 1002 1558 in
1016 1494 1161 1577 populum

163 1604 336 1661 Romanurn
350 1600 526 1674 viderentur,
545 1599 761 1673 existimabant,
779 1599 826 1657 vel
841 1597 870 1656 vi
884 1608 1046 1671 coacturos,
1063 1607 1097 1656 ut
1110 1616 1163 1673 per

114 1708 146 1768 15
163 1717 232 1758 suos
246 1699 319 1757 fines
334 1717 385 1758 eos
402 1695 443 1756 ire
463 1707 640 1773 paterentur.
684 1694 832 1757 Omnibus
846 1695 934 1754 rebus
952 1694 992 1753 ad
1006 1692 1162 1770 profectio-

162 1815 232 1856 nem
253 1793 429 1870 comparatis
450 1794 530 1855 diem
550 1793 661 1867 dicunt,
685 1792 813 1869 quadie
839 1794 879 1852 ad
905 1792 999 1869 ripam
1021 1791 1163 1850 Rhodani

163 1910 267 1952 omnes
281 1890 467 1951 conveniant.
510 1892 541 1950 Is
556 1889 619 1950 dies
634 1901 695 1950 erat
709 1910 734 1948 a.
745 1891 773 1950 d.
784 1907 811 1949 v.
825 1891 894 1948 Kal.
909 1891 979 1966 Apr.
993 1891 1026 1948 L.
1042 1889 1159 1961 Pisone,

163 1989 199 2046 A
215 1986 344 2047 Gabinio
359 1985 537 2046 consulibus.

227 2101 251 2160 7.
294 2082 414 2144 Caesari
433 2102 501 2141 cum
515 2082 547 2142 id
561 2081 731 2142 nuntiatum
745 2093 831 2156 esset,
848 2102 900 2142 eos
915 2101 966 2159 per
980 2081 1161 2158 provinciam

113 2200 149 2240 20
163 2193 295 2243 nostram
322 2180 377 2240 iter
404 2182 501 2239 facere
522 2179 629 2254 conari,
654 2190 782 2239 maturat
809 2179 847 2238 ab
874 2180 946 2239 urbe
967 2177 1113 2254 proficisci
1133 2191 1163 2237 et

164 2299 254 2356 quam
289 2265 426 2337 maximis
454 2287 554 2353 potest
580 2276 733 2336 itineribus
767 2276 798 2336 in
834 2277 960 2336 Galliam
994 2276 1161 2360 ulteriorem

162 2376 316 2436 contendit
337 2387 367 2436 et
387 2376 427 2435 ad
447 2377 601 2435 Genavam
621 2375 761 2451 pervenit
805 2374 976 2435 Provinciae
997 2374 1052 2435 toti
1073 2394 1162 2451 quam

163 2471 324 2530 maximum
338 2482 438 2548 potest
451 2471 581 2531 militurn
594 2489 751 2531 numerum
765 2471 890 2548 imperat
906 2472 980 2551 (erat
995 2469 1117 2533 omnino
1132 2471 1162 2529 in

164 2567 261 2628 Gallia
281 2566 419 2626 ulteriore
440 2566 517 2642 legio
538 2567 620 2642 una),
635 2579 768 2644 pontem,
785 2567 838 2644 qui
856 2579 918 2628 erat
938 2569 977 2628 ad
999 2571 1160 2642 Genavam,

81 2679 93 2707 ¹
115 2689 129 2726 2
134 2684 149 2744 5
164 2664 246 2725 iubet
260 2664 397 2724 rescindi.
440 2664 502 2725 Ubi
517 2666 556 2724 de
570 2664 633 2725 eius
647 2666 780 2726 adventu
796 2664 931 2725 Helvetii
942 2665 1080 2724 certiores
1094 2665 1163 2723 facti

164 2772 241 2835 sunt,
269 2762 383 2838 legatos
404 2762 444 2821 ad
466 2780 534 2821 eum
557 2762 679 2821 mittunt
702 2759 902 2820 nobilissimos
924 2759 1058 2833 civitatis
1081 2759 1163 2819 cuius

164 2858 318 2935 legationis
340 2857 516 2926 Nammeius
537 2870 567 2918 et
587 2857 793 2918 Verucloetius
813 2856 977 2934 principem
994 2859 1094 2916 locum
1115 2859 1164 2918 ob

164 2955 306 3030 tinebant,
323 2955 375 3032 qui
395 2955 536 3032 dicerent,
554 2954 609 3017 sibi
630 2975 694 3016 esse
708 2955 740 3015 in
753 2953 853 3014 animo
867 2953 930 3014 sine
944 2955 1006 3013 ullo
1021 2954 1164 3016 maleficio

163 3051 219 3116 iter
232 3072 284 3129 per
297 3052 481 3130 provinciam
495 3055 599 3127 facere,
613 3063 770 3130 propterea
780 3052 862 3128 quod
869 3051 951 3110 aliud
959 3049 1013 3110 iter
1022 3052 1164 3112 haberent

114 3171 152 3228 30
164 3152 297 3212 nullum:
324 3135 439 3226 rogare,
469 3161 503 3211 ut
530 3151 593 3211 eius
621 3153 773 3211 voluntate
801 3151 833 3210 id
861 3148 917 3208 sibi
946 3151 1041 3208 facere
1069 3147 1161 3208 liceat.

166 3252 284 3322 Caesar,
314 3249 396 3325 quod
430 3250 575 3309 memoria
608 3250 738 3322 tenebat,
769 3250 802 3306 L.
839 3245 977 3307 Cassium
1011 3247 1163 3305 consulem

166 3343 299 3406 occisum
328 3344 548 3422 exercitumque
576 3343 638 3406 eius
665 3346 703 3405 ab
732 3343 878 3404 Helvetiis
906 3344 1025 3420 pulsum
1054 3351 1084 3401 et
1111 3339 1164 3399 sub

166 3441 267 3518 iugum
282 3440 414 3520 missum,
431 3444 657 3504 concedendum
671 3460 733 3501 non
747 3443 887 3519 putabat3
917 3459 1015 3516 neque
1028 3435 1163 3498 homines
