2476 3796
149 244 188 300 34
414 226 483 284 DE
507 226 659 285 BELLO
692 225 887 286 GALLICO

146 357 317 432 quindecim
335 358 375 417 ad
400 358 472 417 fines
499 358 655 433 Belgarum
683 357 826 433 pervenit.
870 378 895 434 3.
941 363 987 421 Eo
1014 382 1084 422 cum
1112 364 1150 423 de

147 455 306 531 improviso
334 454 518 531 celeriusque
546 453 629 514 omni
650 454 792 531 opinione
815 455 952 530 venisset,
978 460 1075 532 Remi,
1099 460 1151 537 qui

145 550 272 625 proximi
293 550 407 610 Galliae
426 570 464 610 ex
485 549 584 626 Belgis
605 561 682 623 sunt,
697 550 738 609 ad
757 569 825 609 eum
847 553 960 629 legatos
984 555 1097 614 Iccium
1120 567 1150 616 et

92 688 101 707 .
145 647 428 720 Andecumborium,
456 647 568 725 primos
595 645 730 718 civitatis,
759 647 910 722 miserunt,
939 651 991 727 qui
1018 653 1149 713 dicerent

115 757 177 816 5se
210 763 322 820 suaque
357 743 458 803 omnia
485 743 517 802 in
544 744 636 804 fidem
663 753 754 820 atque
781 743 812 803 in
840 757 1019 821 potestatem
1046 751 1150 825 populi

145 838 277 897 Romani
290 839 467 915 permittere,
480 858 577 915 neque
591 859 623 898 se
637 859 706 898 cum
718 839 816 916 Belgis
829 841 950 917 reliquis
964 844 1149 905 consensisse

145 953 244 1009 neque
272 947 375 994 contra
401 937 546 1012 populum
574 939 747 995 Romanum
771 937 948 1011 coniurasse,
971 950 1149 1017 paratosque

146 1051 216 1092 esse>
232 1043 262 1093 et
282 1033 401 1093 obsides
424 1033 495 1092 dare
518 1035 557 1093 et'
569 1031 717 1117 imperata¹
731 1034 828 1093 facere
843 1045 872 1093 et
887 1034 1005 1110 oppidis
1018 1035 1148 1112 recipere

144 1142 175 1191 et
195 1132 342 1190 frumento
361 1130 526 1205 ceterisque
539 1129 627 1188 rebus
641 1129 741 1188 iuvare
749 1150 759 1203 ;
779 1130 908 1207 reliquos
922 1151 1027 1191 omnes
1042 1134 1148 1209 Belgas

96 1242 131 1281 10
144 1226 176 1286 in
203 1226 292 1286 amris
320 1246 393 1299 esse,
423 1228 657 1301 Germanosque,
687 1225 738 1302 qui
766 1226 808 1285 cis
836 1229 978 1288 Rhenum
1005 1227 1145 1302 incolant,

145 1342 210 1384 sese
233 1343 303 1383 cum
325 1323 372 1381 his
393 1322 591 1396 coniunxisse,
608 1333 784 1399 tantumque
805 1343 871 1384 esse
891 1344 994 1384 eorum
1013 1325 1147 1385 omnium

144 1422 281 1495 furorem,
297 1432 330 1481 ut
344 1439 381 1479 ne
397 1405 571 1479 Suessiones
585 1419 717 1495 quidem,
732 1421 834 1479 fratres
849 1420 1147 1498 consanguineosque

145 1539 223 1593 suos,
252 1518 304 1595 qui
334 1518 443 1577 eodem
478 1516 540 1576 iure
574 1528 604 1577 et
631 1517 726 1576 isdem
755 1517 869 1593 legibus
897 1528 1025 1592 utantur,
1054 1540 1146 1579 unum

144 1616 301 1694 imperium
323 1633 477 1690 unumque
498 1612 702 1690 magistratum
725 1633 792 1672 cum
811 1613 883 1690 ipsis
898 1615 1036 1688 habeant,
1053 1617 1146 1676 deter-

96 1730 129 1789 15
144 1733 207 1773 rere
223 1713 383 1790 potuerint,
399 1711 472 1789 quin
486 1730 555 1771 cum
569 1711 615 1770 his
630 1710 838 1771 consentirent.

205 1833 232 1884 4.
274 1812 353 1871 Cum
377 1810 415 1869 ab
440 1808 487 1868 his
512 1819 672 1884 quaereret,
700 1828 775 1886 quae
799 1809 932 1870 civitates
957 1821 1146 1889 quantaeque

155 1926 176 1964 n
197 1904 286 1965 armis
308 1915 406 1964 essent
428 1915 459 1964 et
483 1903 556 1980 quid
577 1903 609 1962 in
630 1907 711 1965 bello
735 1916 866 1982 possent,
892 1907 935 1965 sic
961 1908 1144 1984 reperiebat:

143 2005 300 2081 plerosque
336 2005 442 2079 Belgas
477 2021 542 2062 esse
576 2011 656 2061 ortos
690 2003 728 2062 ab
757 2003 913 2062 Germanis
945 2005 1145 2082 Rhenumque

143 2101 306 2177 antiquitus
325 2101 476 2160 traductos
497 2109 617 2176 propter
637 2098 696 2159 loci
717 2099 896 2160 fertilitatem
917 2100 959 2159 ibi
973 2102 1144 2180 consedisse

95 2215 130 2253 20
145 2176 317 2274 Gallosque,
333 2197 384 2274 qui
407 2217 443 2256 ea
466 2198 534 2256 loca
553 2195 727 2269 incolerent,
742 2197 888 2272 expulisse
909 2197 1048 2273 solosque
1070 2217 1143 2271 esse,

145 2293 196 2370 qui
217 2305 333 2370 patrum
354 2304 523 2353 nostrorum
547 2291 691 2351 memoria
714 2292 797 2351 omni
822 2292 918 2352 Gallia
938 2303 1045 2352 vexata
1068 2296 1145 2354 Teu-

144 2402 233 2452 tonos
258 2390 456 2467 Cimbrosque
484 2389 560 2449 intra
581 2391 656 2449 fines
684 2408 754 2451 suos
780 2388 894 2466 ingredi
921 2389 1127 2472 prohibuerint
1134 2415 1143 2466 3

145 2508 205 2566 qua
232 2509 269 2548 ex
292 2508 324 2548 re
346 2487 417 2560 fieri,
443 2485 486 2546 uti
511 2506 612 2546 earum
636 2505 735 2545 rerum
759 2486 903 2545 memoria
927 2506 1064 2564 magnam
1088 2488 1144 2549 sibi

144 2586 349 2645 auctoritatem
371 2602 555 2660 magnosque
577 2582 695 2658 spiritus
721 2580 753 2640 in
779 2600 812 2640 re
838 2581 957 2641 militari
984 2596 1141 2644 sumerent.

93 2694 128 2753 25
144 2686 193 2743 De
213 2701 338 2742 numero
360 2700 462 2741 eorum
484 2679 585 2741 omnia
605 2698 637 2738 se
658 2677 767 2738 habere
787 2679 939 2753 explorata
960 2679 1049 2738 Remi
1067 2678 1144 2740 dice-

142 2782 224 2852 bant,
239 2789 397 2857 propterea
416 2778 499 2853 quod
519 2773 788 2853 propinquitatibus
806 2774 1056 2851 affinitatibusque
1074 2796 1144 2836 con-

143 2877 244 2948 iuncti,
260 2886 401 2952 quantam
416 2872 539 2949 quisque
550 2869 772 2930 multitudinem
783 2870 814 2928 in
825 2871 975 2929 communi
987 2872 1143 2948 Belgarum

143 2972 271 3032 concilio
285 2971 325 3030 ad
339 2969 371 3029 id
384 2970 496 3029 bellum
509 2966 660 3045 pollicitus
675 2966 721 3037 sit,
737 2965 936 3042 cognoverint.
980 2967 1143 3027 Plurimum

143 3069 219 3127 inter
241 3086 293 3126 eos
315 3065 490 3125 Bellovacos
513 3074 543 3122 et
563 3061 671 3121 virtute
693 3071 722 3121 et
744 3061 918 3121 auctoritate
941 3072 971 3121 et
986 3062 1143 3124 hominurn

91 3184 129 3238 30
143 3181 266 3222 numero
286 3161 385 3220 valere
395 3181 404 3234 3
423 3159 479 3218 hos
500 3176 589 3234 posse
610 3157 757 3215 conficere
778 3166 891 3215 armata
911 3154 992 3215 milia
1012 3168 1140 3232 centum,

141 3257 290 3335 pollicitos
315 3276 352 3316 ex
374 3275 411 3316 eo
438 3273 562 3313 numero
590 3254 686 3313 electa
713 3252 873 3330 sexaginta,
897 3253 1046 3330 totiusque
1073 3257 1143 3316 belli

142 3354 297 3433 imperium
321 3352 376 3414 sibi
396 3353 553 3430 postulare.
597 3349 770 3410 Suessiones
798 3370 867 3411 suos
894 3370 959 3415 esse
982 3351 1142 3428 finitimos;

131 3455 215 3508 fines
244 3450 408 3510 latissimos
442 3448 699 3525 feracissimosque
733 3467 818 3525 agros
848 3449 1007 3527 possidere.
1050 3453 1141 3529 Apud
