2476 3796
374 220 460 280 LJB.
483 213 547 278 III.
595 215 685 278 CAR
711 215 835 276 21-26.
1061 231 1096 286 13

106 374 300 435 intercludere
326 369 490 432 instituunt.
533 370 624 444 Quod
651 366 703 429 ubi
730 369 852 428 Crassus
884 363 1098 438 animadvertit,

106 491 175 532 suas
189 471 288 549 copias
301 480 422 547 propter
434 466 622 545 exiguitatem
635 485 696 525 non
710 466 796 525 facile
809 462 920 537 diduci,
934 465 1050 524 hostem
1069 474 1097 523 et

105 566 204 645 vagari
217 579 248 627 et
260 566 322 626 vias
336 565 471 625 obsidere
486 574 516 623 et
529 563 629 622 castris
644 560 713 621 satis
723 558 862 638 praesidii
875 560 1045 636 relinquere,
1058 559 1098 618 ob

106 684 171 724 earn
199 683 319 723 causam
342 661 440 720 minus
462 660 619 720 commode
639 661 818 718 frumentum
838 667 1097 732 commeatumque

106 760 162 821 sibi
189 757 362 836 supportari,
390 757 421 815 in
454 756 517 816 dies
551 755 681 814 hostium
712 772 869 813 numerum
896 751 1003 829 augeri,
1036 771 1097 811 non
1126 775 1141 832 5

105 856 305 915 cunctandum
326 851 502 914 existimavit
529 851 601 928 quin
628 869 729 928 pugna
755 851 927 910 decertaret.
969 849 1040 906 Hac
1065 865 1097 906 re

104 955 143 1013 ad
163 951 319 1011 consilium
337 950 436 1008 delata
456 947 508 1008 ubi
527 966 631 1007 omnes
651 946 732 1007 idem
750 944 858 1006 sentire
876 943 1026 1018 intellexit,
1046 963 1097 1020 po

104 1062 213 1110 sterum
226 1049 307 1109 diem
321 1066 438 1125 pugnae
450 1046 612 1106 constituit.
656 1065 702 1118 24.
745 1044 843 1104 Prima
861 1045 927 1103 luce
945 1043 1096 1120 productis

104 1146 243 1208 omnibus
270 1143 364 1221 copiis
392 1142 504 1218 duplici
530 1142 594 1202 acie
618 1141 758 1216 instituta,
781 1139 894 1200 auxiliis
914 1137 946 1198 in
967 1138 1095 1198 mediam

103 1243 198 1303 aciem
226 1240 375 1313 coniectis,
398 1238 471 1314 quid
497 1240 597 1298 hostes
618 1237 734 1297 consilii
754 1247 894 1315 caperent
913 1238 1094 1314 expectabat.
1107 1257 1142 1295 10

104 1340 160 1412 Illi,
183 1338 238 1398 etsi
265 1347 387 1414 propter
413 1335 634 1395 multitudinem
661 1346 691 1395 et
718 1347 848 1395 veterem
874 1332 946 1394 belli
972 1333 1095 1411 gloriam

102 1436 340 1516 paucitatemque
353 1446 521 1494 nostrorum
535 1453 567 1494 se
584 1445 650 1494 tuto
668 1433 858 1493 dimicaturos
877 1430 1092 1507 existimabant,

101 1544 202 1593 tamen
230 1530 320 1591 tutius
348 1549 412 1590 esse
440 1530 655 1590 arbitrabantur
682 1528 809 1590 obsessis
841 1529 894 1589 viis
927 1539 1095 1588 commeatu

100 1627 259 1687 intercluso
287 1626 350 1686 sine
377 1628 439 1686 ullo
466 1628 586 1685 vulnere
613 1625 736 1685 victoria
762 1624 850 1702 potiri
870 1637 910 1698 et,
932 1625 956 1684 si
976 1636 1096 1703 propter

101 1723 233 1799 inopiam
247 1721 289 1783 rei
307 1721 513 1782 frumentariae
535 1720 665 1781 Romani
683 1741 747 1781 sese
765 1720 896 1798 recipere
916 1721 1093 1797 coepissent,
1106 1735 1140 1793 15

99 1819 258 1896 impeditos
272 1818 303 1878 in
317 1818 434 1894 agmine
453 1830 482 1877 et
501 1819 556 1879 sub
575 1816 694 1877 sarcinis
713 1816 848 1879 inferiore
866 1816 967 1876 auimo
987 1816 1095 1876 adoriri

99 1915 277 1991 cogitabant.
320 1917 392 1974 Hoc
419 1913 544 1984 consilio
571 1915 698 1989 probato
725 1915 763 1973 ab
790 1912 915 1973 ducibus
943 1913 1094 1990 productis

100 2012 305 2070 Romanorum
320 2009 414 2087 copiis
429 2028 493 2069 sese
507 2008 609 2068 castris
623 2010 773 2068 tenebant.
818 2011 887 2067 Hac
898 2029 929 2068 re
939 2021 1094 2085 perspecta

99 2109 231 2179 Crassus,
247 2126 315 2166 cum
329 2125 381 2165 sua
395 2103 583 2164 cunctatione
597 2114 687 2180 atque
702 2103 843 2180 opinione
862 2103 975 2164 timoris
993 2106 1093 2165 hostes

99 2214 214 2263 nostros
235 2202 342 2263 milites
364 2203 519 2261 alacriores
539 2203 578 2261 ad
597 2202 790 2278 pugnandum
811 2200 985 2274 effecissent,
1003 2212 1093 2277 atque
1105 2227 1140 2265 20

98 2299 232 2359 omniurn
260 2319 348 2359 voces
376 2298 553 2370 audirentur,
575 2298 723 2375 expectari
746 2295 855 2357 diutius
875 2317 938 2358 non
958 2311 1093 2375 oportere

98 2395 170 2471 quin
190 2396 230 2454 ad
249 2405 344 2453 castra
361 2393 456 2468 iretur,
472 2395 642 2453 cohortatus
661 2412 730 2452 suos
750 2392 888 2453 omnibus
906 2393 1092 2469 cupientibus

98 2491 137 2549 ad
164 2489 294 2548 hostium
321 2501 417 2548 castra
443 2488 603 2550 contendit.
648 2508 694 2566 ²5·
738 2487 786 2549 Ibi
817 2509 887 2548 cum
918 2488 968 2549 alii
999 2491 1091 2550 fossas

98 2587 279 2663 conplerent,
296 2586 345 2645 alii
365 2585 464 2645 multis
483 2584 550 2645 telis
564 2584 705 2645 coniectis
720 2586 889 2665 defensores
903 2587 981 2644 vallo
999 2585 1105 2645 muni--

97 2681 286 2757 tionibusque
306 2683 497 2758 depellerent,
519 2681 738 2758 auxiliaresque,
761 2671 879 2759 quibus
895 2682 934 2741 ad
960 2700 1136 2761 pugnam25

96 2796 158 2837 non
171 2779 299 2837 multum
313 2780 437 2838 Crassus
456 2780 634 2851 confidebat,
653 2779 801 2855 lapidibus
820 2777 945 2854 telisque
963 2779 1091 2839 submin-

97 2873 234 2934 istrandis
262 2885 291 2934 et
318 2874 358 2933 ad
384 2876 522 2951 aggerem
544 2875 705 2952 cespitibus
725 2874 938 2951 conportandis
960 2874 1090 2951 speciem

96 2981 186 3046 atque
213 2970 386 3047 opinionem
413 2971 609 3047 pugnantium
636 2974 820 3048 praeberent,
848 2992 917 3032 cum
948 2973 1020 3032 item
1052 2974 1090 3034 ab

95 3065 229 3125 hostibus
256 3076 426 3126 constanter
451 3086 487 3126 ac
513 3086 575 3126 non
595 3066 698 3127 timide
718 3079 896 3144 pugnaretur
916 3070 1033 3145 telaque
1054 3089 1090 3128 ex

95 3163 163 3222 loco
178 3162 325 3239 superiore
339 3163 430 3223 missa
443 3182 505 3223 non
518 3165 622 3224 frustra
639 3164 816 3239 acciderent,
837 3164 949 3242 equites
968 3167 1089 3226 circum·
1098 3184 1136 3239 30

95 3257 143 3317 itis
163 3258 293 3317 hostiurn
313 3257 414 3319 castris
436 3260 543 3320 Crasso
561 3259 801 3320 renuntiaverunt
820 3280 882 3320 non
900 3263 1006 3322 eadem
1024 3281 1088 3324 esse

96 3353 246 3430 diligentia
272 3355 311 3414 ab
338 3355 505 3414 decumana
532 3366 619 3432 porta
644 3367 739 3415 castra
765 3356 879 3416 munita
910 3357 1088 3434 facilemque

96 3449 210 3510 aditum
220 3450 337 3509 habere.
375 3453 420 3508 26.
457 3451 580 3511 Crassus
591 3450 1107 3529 equitumpraelectosconouatus,
