2476 3796
394 222 480 281 ΜΒ.
502 223 530 280 J.
578 223 667 283 cAP.
691 243 823 300 43-44·
1068 246 1104 304 27

32 425 34 428 ι
107 342 214 405 iterum
227 346 352 424 experiri
364 351 466 425 velint,
482 371 515 412 se
528 351 634 412 iterum
648 364 784 429 paratum
799 374 863 415 esse
884 354 1037 436 decertare
1044 376 1053 431 ;
1081 357 1106 416 si

105 460 179 517 pace
200 442 244 502 uti
263 444 365 518 velint,
385 444 521 521 iniquum
542 465 607 506 esse
629 448 667 506 de
689 446 838 524 stipendio
858 464 1003 522 recusare,
1024 453 1106 526 quod

105 556 158 596 sua
171 539 325 598 voluntate
339 540 378 599 ad
392 539 424 599 id
438 550 556 617 tempus
570 542 774 617 pependerint.
817 542 989 603 Amicitiam
1004 545 1106 621 populi
1146 562 1147 567 ’

105 632 236 692 Romani
256 633 312 694 sibi
334 646 510 696 ornamento
531 647 561 695 et
582 635 738 712 praesidio,
758 657 821 697 non
842 637 1019 699 detrimento
1041 658 1106 700 esse

104 738 248 802 oportere,
260 727 351 806 idque
365 748 445 794 selea
455 749 507 807 spe
518 730 636 808 petisse.
672 731 703 790 Si
716 751 769 807 per
777 733 922 808 populum
933 734 1106 792 Romanum
1140 747 1156 806 5

105 822 286 899 stipendium
304 826 470 886 remittatur
486 838 516 887 et
536 827 669 887 dediticii
688 829 905 902 subtrahantur,
924 849 986 888 non
1007 829 1105 888 minus

104 920 230 981 libenter
250 941 315 983 sese
332 934 533 982 recusaturum
554 924 658 1001 populi
679 924 810 984 Romani
830 924 997 999 amicitiam,
1014 945 1105 1002 quam

103 1017 266 1093 appetierit.
311 1020 403 1094 Quod
430 1019 651 1080 multitudinem
679 1021 895 1080 Germanorum
924 1020 955 1079 in
977 1020 1104 1080 Galliam

103 1116 246 1189 traducat,
268 1115 300 1176 id
328 1136 360 1176 se
389 1115 434 1175 sui
461 1115 625 1190 muniendi,
648 1136 710 1176 non
739 1117 853 1177 Galbae
883 1117 1104 1193 impugnandae

103 1230 193 1271 causa
206 1212 319 1273 lacere:
350 1211 413 1272 eius
433 1212 476 1272 rei
497 1211 702 1274 testimonium
723 1232 797 1286 esse,
814 1213 895 1290 quod
914 1211 971 1271 nisi
985 1223 1103 1289 rogatus
1121 1238 1156 1276 10

104 1327 166 1367 non
186 1308 307 1381 venerit,
323 1319 353 1368 et
374 1310 456 1384 quod
477 1310 588 1369 bellum
610 1328 672 1368 non
693 1308 831 1382 intulerit,
853 1309 907 1368 sed
928 1308 1100 1368 defenderit.

103 1405 141 1464 Se
161 1404 241 1481 prius
269 1405 301 1464 in
329 1406 458 1465 Galliam
485 1405 601 1465 venisse
631 1425 720 1482 quam
748 1407 892 1483 populum
921 1407 1102 1465 Romanum.

103 1503 277 1578 Numquam
311 1513 381 1562 ante
415 1503 473 1562 hoc
507 1513 625 1580 tempus
654 1500 814 1562 exercitum
841 1501 945 1579 populi
972 1501 1103 1560 Romani

103 1598 218 1658 Galliae
239 1597 408 1675 provinciae
429 1599 536 1660 finibus
558 1619 715 1676 egressum.
759 1599 842 1673 Quid
863 1599 919 1659 sibi
938 1599 1036 1674 vellet,
1051 1618 1103 1658 cur

102 1693 134 1753 in
155 1715 221 1755 suas
242 1696 444 1772 possessiones
465 1696 602 1757 veniret?
629 1695 814 1756 Provinciam
836 1715 919 1755 suam
940 1696 1017 1754 hanc
1037 1714 1103 1756 esse
1118 1714 1151 1773 15

104 1792 239 1867 Galliam,
255 1779 332 1854 sicut
345 1793 425 1854 illam
439 1805 578 1855 nostram.
615 1797 659 1855 Ut
670 1794 727 1871 ipsi
737 1795 864 1854 concedi
872 1813 933 1853 non
946 1803 1101 1870 oporteret,

103 1889 128 1948 si
141 1889 172 1948 in
186 1902 301 1950 nostros
316 1892 389 1951 fines
400 1891 545 1968 impetum
556 1893 673 1964 faceret,
686 1891 728 1950 sic
742 1891 813 1951 item
828 1911 883 1952 nos
894 1911 958 1952 esse
972 1892 1099 1969 iniquos,

104 1986 156 2062 qui
177 1986 209 2045 in
229 2007 283 2048 suo
303 1987 366 2049 iure
387 2009 419 2048 se
440 1989 699 2066 interpellaremus,
744 1990 836 2064 Quod
856 1992 958 2049 fratres
979 1992 1102 2051 Aeduos

102 2083 267 2158 appellatos
281 2084 401 2158 diceret,
417 2105 478 2145 non
493 2105 525 2145 se
545 2096 606 2145 tam
627 2086 785 2145 barbarum
799 2104 898 2162 neque
913 2097 973 2145 tam
988 2086 1103 2163 imperi·

102 2189 167 2238 tum
194 2200 259 2240 esse
279 2201 385 2255 rerum,
408 2193 441 2242 ut
469 2203 530 2243 non
559 2183 646 2242 sciret
674 2201 772 2259 neque
799 2184 877 2243 bello
906 2178 1102 2260 Allobrogum
1118 2207 1154 2244 20

103 2276 237 2352 proximo
258 2280 380 2339 Aeduos
403 2279 548 2339 Romanis
569 2279 711 2339 auxilium
731 2279 833 2340 tulisse
854 2300 952 2356 neque
973 2281 1054 2357 ipsos
1071 2281 1103 2339 in

102 2370 149 2431 his
176 2373 425 2447 contentionibus
452 2394 525 2452 quas
552 2374 651 2435 Aedui
679 2395 780 2435 secum
807 2385 838 2434 et
861 2394 929 2434 cum
958 2375 1102 2452 Sequanis

102 2467 283 2543 habuissent,
312 2469 420 2530 auxilio
448 2471 552 2548 populi
572 2472 703 2531 Romani
723 2490 793 2530 usos
815 2489 886 2530 esse.
929 2471 1049 2531 Debere
1070 2489 1103 2530 se

102 2564 242 2640 suspicari
270 2565 406 2626 simulata
433 2569 592 2628 Caesarem
619 2567 757 2639 amicitia,
780 2568 863 2644 quod
890 2566 1050 2627 exercitum
1071 2567 1102 2625 in

102 2660 200 2719 Gallia
234 2662 350 2736 habeat,
380 2662 426 2722 sui
460 2664 648 2741 opprimendi
683 2683 772 2724 causa
798 2665 914 2724 habere.
958 2662 1017 2738 Qui
1044 2662 1102 2723 nisi
1118 2689 1131 2744 ε
1137 2684 1151 2743 5

102 2756 229 2817 decedat
256 2769 345 2836 atque
372 2759 532 2819 exercitum
554 2762 683 2828 deducat
708 2781 744 2821 ex
765 2761 810 2821 his
833 2759 1012 2837 regionibus,
1037 2780 1102 2820 sese

102 2852 186 2912 illum
199 2873 261 2913 non
275 2873 328 2931 pro
349 2856 454 2928 amico,
471 2857 525 2917 sed
545 2858 631 2918 hoste
651 2858 828 2917 habiturum.
873 2857 965 2931 Quod
986 2856 1011 2915 si
1032 2875 1101 2916 eum

102 2951 287 3026 interfecerit,
303 2954 403 3014 multis
424 2975 489 3016 sese
504 2955 652 3016 nobilibus
667 2955 909 3032 principibusque
923 2954 1025 3032 populi
1040 2955 1101 3013 Ro-

102 3048 184 3108 mani
210 3061 324 3126 gratum
348 3071 414 3111 esse
441 3053 605 3111 facturum:
632 3051 665 3111 id
693 3070 725 3110 se
752 3053 791 3110 ab
819 3049 889 3127 ipsis
917 3070 970 3128 per
997 3069 1101 3110 eorum

102 3145 221 3206 nuutios
242 3160 429 3224 compertum
448 3150 566 3226 habere,
582 3168 708 3224 quorum
727 3146 861 3207 omnium
875 3147 997 3224 gratiam
1012 3158 1100 3223 atque
1114 3175 1152 3230 30

100 3244 262 3304 amicitiam
276 3247 339 3306 eius
354 3259 447 3307 morte
463 3248 606 3307 redimere
621 3258 729 3324 posset.
773 3248 865 3322 Quod
879 3247 903 3305 si
918 3245 1099 3306 discessisset

103 3350 132 3399 et
152 3341 274 3402 liberam
294 3344 515 3418 possessionem
537 3344 651 3404 Galliae
673 3344 729 3404 sibi
750 3344 926 3417 tradidisset,
943 3362 1052 3418 magno
1067 3362 1101 3400 se

101 3435 185 3496 illum
194 3439 325 3515 praemio
334 3452 589 3502 remuneraturum
597 3453 630 3504 et
638 3434 1137 3522 quaecumqueuenagex'wcnezs

1007 3558 1098 3617 «ἔς-ἰ.
