2476 3796
137 239 173 293 14
390 221 459 280 DE
484 222 634 282 BELLO
666 221 860 282 GALLICO

130 357 162 407 et
204 345 317 409 interea
350 347 478 408 sarcinas
511 347 543 408 in
576 369 669 409 unum
704 351 804 410 locum
839 348 964 410 conferri
998 361 1028 412 et
1063 370 1132 412 eum

131 448 169 506 ab
196 445 250 519 his,
272 443 324 522 qui
350 444 382 503 in
410 445 559 523 superiore
586 445 651 506 acie
679 446 884 520 constiterant,
904 447 1012 506 muniri
1037 447 1129 507 iussit.

132 539 265 603 Helvetii
286 561 355 601 curn
379 541 519 601 omnibus
539 540 598 605 suis
620 541 708 601 carris
736 542 830 602 secuti
858 541 1072 619 impedimenta
1098 544 1130 602 in

131 659 224 699 unum
244 641 344 700 locum
366 641 574 715 contulerunt,
601 639 657 718 ipsi
685 640 901 701 confertissima
928 641 993 701 acie
1019 640 1131 702 reiecto

99 749 232 808 snostro
254 735 387 812 equitatu
408 737 554 812 phalange
577 739 655 796 facta
674 737 728 796 sub
748 736 874 813 primam
888 748 1025 797 nostram¹
1035 736 1131 798 aciem

130 844 341 894 successerunt.
387 854 402 892 2
407 852 432 911 5.
477 836 587 895 Caesar
608 834 736 911 primurn
765 854 828 907 suo,
858 833 967 894 deinde
996 833 1132 893 omnium

129 947 166 988 cx
187 941 350 1005 conspectu
370 929 492 990 remotis
513 929 604 1006 equis,
627 941 660 989 ut
681 941 809 1006 aequato
838 929 971 988 omniurn
998 929 1130 1006 periculo

129 1045 214 1102 spem
240 1028 326 1104 fugae
350 1028 475 1100 tolleret,
500 1027 672 1087 cohortatus
700 1045 770 1086 suos
798 1026 942 1103 proelium
972 1025 1128 1086 commisit.

129 1121 243 1182 Milites
271 1142 288 1183 e
314 1124 382 1183 loco
410 1122 561 1199 superiore
588 1122 655 1198 pilis
683 1121 780 1182 missis
800 1122 886 1182 facile
907 1121 1038 1182 hostium
1059 1124 1132 1200 plra-

81 1219 246 1296 1olangem
266 1222 474 1297 perfregerunt.
517 1222 563 1278 Ea
584 1219 708 1280 disiecta
727 1219 833 1296 gladiis
854 1220 1001 1280 destrictis
1022 1220 1053 1293 in
1078 1240 1130 1280 eos

130 1316 275 1394 impetum
297 1319 437 1376 iecerunt.
481 1316 573 1377 Gallis
596 1336 705 1393 magno
727 1318 767 1376 ad
785 1337 917 1394 pugnam
932 1329 993 1376 erat
1007 1317 1132 1394 impedi-

129 1427 242 1489 mento,
258 1416 341 1492 quod
362 1415 493 1491 pluribus
514 1434 616 1475 eorum
638 1414 728 1474 scutis
749 1434 810 1474 uno
825 1415 885 1475 ictu
898 1415 1027 1492 pilorum
1041 1426 1132 1475 trans-

129 1511 195 1571 fixis
213 1523 244 1572 et
267 1510 418 1588 colligatis,
435 1530 503 1569 cum
523 1511 631 1570 ferrum
654 1530 686 1570 se
709 1510 877 1584 inflexisset,
893 1530 991 1587 neque
1006 1513 1131 1571 evellere

130 1629 228 1686 neque
251 1609 368 1669 sinistra
388 1607 532 1685 impedita
554 1609 624 1668 satis
645 1610 804 1669 commode
825 1629 956 1686 pugnare
983 1620 1130 1687 poterant,
1223 1684 1225 1688 ,

82 1727 116 1786 15
131 1705 217 1766 multi
237 1716 270 1765 ut
298 1705 350 1764 diu
371 1703 481 1763 iactato
509 1704 632 1764 brachio
659 1717 867 1783 praeoptarent
896 1717 1012 1765 scutum
1039 1725 1131 1765 manu

131 1803 265 1863 emittere
290 1814 320 1863 et
343 1804 426 1862 nudo
455 1822 578 1879 corpore
606 1822 744 1879 pugnare.
796 1804 934 1862 Tandem
961 1803 1130 1863 vulneribus

131 1899 239 1960 defessi
260 1909 291 1959 et
314 1899 423 1975 pedem
450 1899 556 1958 referre
584 1910 623 1972 et,
645 1900 727 1974 quod
754 1918 841 1958 mons
870 1899 988 1959 suberat
1016 1897 1131 1958 circiter
1195 1960 1198 1965 ,

130 1993 211 2054 mille
231 1989 381 2071 passuum,
408 2014 444 2055 eo
469 2014 501 2053 se
529 1994 659 2071 recipere
686 2007 856 2071 coeperunt.
900 1997 999 2072 Capto
1026 2005 1130 2054 monte

130 2097 162 2151 et
188 2089 415 2150 succedentibus
443 2089 551 2150 nostris
578 2090 645 2150 Boii
672 2104 702 2151 et
729 2091 859 2168 Tulingi,
889 2092 939 2167 qui
974 2092 1130 2151 hominum

82 2212 118 2250 20
131 2187 250 2248 milibus
272 2187 387 2247 circiter
400 2205 442 2256 xv
456 2207 563 2264 agmen
582 2189 712 2248 hostium
725 2190 903 2250 claudebant
918 2200 948 2249 et
961 2189 1129 2249 novissimis

130 2279 279 2363 praesidio
307 2295 398 2358 erant,
421 2305 458 2344 ex
485 2285 589 2345 itinere
616 2297 733 2345 nostros
760 2288 852 2347 latere
878 2298 981 2363 aperto
1002 2287 1132 2365 aggressi

131 2381 350 2454 circumvenire,
380 2393 410 2442 et
436 2381 469 2442 id
496 2382 660 2460 conspicati
689 2384 830 2457 Helvetii,
859 2384 910 2461 qui
937 2384 968 2442 in
996 2395 1131 2444 montem

130 2499 195 2539 sese
223 2491 403 2557 receperant,
432 2499 531 2539 rursus
555 2478 665 2540 instare
693 2490 723 2539 et
750 2481 897 2556 proelium
931 2481 1130 2558 redintegrare

132 2588 301 2654 coeperunt.
346 2575 477 2636 Romani
501 2597 643 2637 conversa
672 2578 754 2654 signa
781 2577 922 2654 bipartito
949 2578 1130 2640 intulerunt:

45 2708 48 2715 ·
82 2691 116 2750 25
132 2673 227 2751 prima
247 2685 277 2733 et
298 2675 429 2733 secunda
456 2673 543 2747 acies,
566 2685 599 2734 ut
626 2674 711 2734 victis
738 2694 775 2733 ac
802 2673 946 2734 submotis
973 2675 1130 2749 resisteret,

132 2770 225 2844 tertia,
255 2783 288 2830 ut
314 2770 468 2830 venientes
496 2769 660 2831 sustineret.
705 2773 750 2829 26.
794 2773 842 2830 Ita
869 2771 990 2848 ancipiti
1016 2772 1131 2849 proelio

133 2865 184 2925 diu
212 2878 302 2944 atque
328 2867 433 2926 acriter
460 2879 624 2943 pugnatum
653 2877 704 2926 est.
749 2867 869 2927 Diutius
897 2886 965 2926 cum
985 2867 1131 2928 sustinere

131 2973 301 3021 nostrorum
322 2961 450 3039 impetus
472 2981 534 3022 non
554 2974 684 3038 possent,
701 2963 784 3022 alteri
806 2982 845 3035 se,
861 2973 894 3022 ut
915 2975 1083 3040 coeperant,
1099 2963 1131 3022 in

133 3068 267 3118 montem
288 3071 471 3135 receperunt,
493 3059 576 3118 alteri
596 3059 635 3118 ad
655 3059 870 3136 impedimenta
891 3071 920 3119 et
941 3079 1038 3119 carros
1060 3079 1129 3120 suos

83 3175 120 3231 30
134 3175 166 3215 se
200 3155 397 3215 contulerunt.
453 3158 534 3215 Nam
566 3156 624 3214 hoc
651 3166 716 3215 toto
744 3155 866 3233 proelio,
896 3176 965 3215 cum
992 3157 1029 3216 ab
1057 3158 1132 3216 hora

134 3251 261 3329 septima
282 3253 320 3312 ad
341 3272 497 3330 vesperum
511 3264 675 3330 pugnaturn
689 3253 734 3327 sit,
750 3274 884 3314 aversum
899 3256 1017 3314 hostem
1029 3254 1132 3316 videre

133 3368 223 3412 nemo
245 3348 351 3427 potuit.
392 3351 442 3409 Ad
464 3352 589 3410 multam
610 3363 731 3410 noctem
754 3350 844 3411 etiam
864 3353 905 3412 ad
917 3353 1134 3430 impedimenta

109 3455 290 3517 pugnaturn
313 3458 367 3521 est,
379 3460 544 3527 propterca
565 3449 648 3528 quod
670 3450 820 3528 provallo
843 3468 942 3512 carros
962 3449 1133 3512 obiecerant
