2476 3796
144 193 184 247 40
405 173 473 231 DE
500 172 651 231 aaran
683 173 879 233 erarico

144 301 182 359 ab
210 299 269 361 suis
290 297 481 377 principibus,
510 300 562 377 qui
589 300 721 361 dicerent
748 303 873 362 Aeduos
897 303 936 361 ab
964 303 1092 362 Caesare
1116 301 1147 363 in

145 397 314 459 servitutem
328 399 464 458 redactos
483 417 587 459 omnes
604 399 795 475 indignitates
813 399 1069 476 contumeliasque
1085 419 1148 477 per-

144 500 226 573 ferre,
251 509 280 558 et
307 500 346 559 ab
368 497 482 557 Aeduis
506 497 649 558 defecisse
677 509 707 558 et
728 500 840 576 populo
868 501 1008 558 Romano
1036 499 1146 558 bellum

144 596 285 656 intulisse.
314 596 389 672 'Qui
412 592 474 657 eius
492 597 608 657 consilii
624 597 772 675 principes
790 598 921 669 fuissent,
938 599 1020 674 quod
1037 598 1148 657 intelle-

114 710 129 768 5
143 706 253 772 gerent,
261 705 401 771 quantam
412 694 610 754 calamitatem
620 695 731 754 civitati
741 695 914 769 intulissent,
924 695 956 754 in
967 694 1147 754 Britanniam

144 794 316 870 profugisse.
362 794 466 852 Petere
487 812 549 852 non
570 794 667 853 solum
690 795 873 868 Bellovacos,
900 794 953 853 sed
983 792 1071 852 etiam
1092 810 1146 869 pro

145 892 191 952 his
206 894 339 965 AeduoS,
349 903 382 952 ut
396 912 449 951 sua
463 879 622 952 clementia
636 913 672 953 ac
686 893 913 953 mansuetudine
927 893 958 951 in
973 913 1025 953 eos
1038 902 1144 952 utatur.

146 993 236 1067 Quod
256 991 279 1051 si
290 991 399 1065 fecerit,
414 992 590 1051 Aeduorum
603 990 810 1051 auctoritatem
825 993 905 1068 apud
920 1011 1024 1051 omnes
1041 994 1146 1068 Belgas

145 1088 392 1165 amplificaturum
401 1111 410 1164 ;
440 1109 565 1166 quorum
583 1088 698 1148 auxiliis
716 1101 806 1165 atque
825 1089 942 1167 opibus,
957 1090 981 1149 si
996 1110 1055 1167 qua
1068 1091 1147 1149 bella

96 1209 131 1246 ro
146 1188 311 1263 inciderint,
326 1198 491 1249 sustentare
505 1189 681 1248 consuerint.
728 1205 773 1266 15·
816 1191 926 1249 Caesar
935 1188 1056 1248 honoris
1067 1188 1147 1246 Divi-

145 1286 215 1346 tiaci
236 1298 325 1363 atque
345 1288 518 1347 Aeduorum
540 1306 629 1345 causa
650 1306 714 1346 sese
735 1306 787 1346 eos
805 1286 836 1345 in
853 1288 944 1346 fidem
961 1298 1146 1362 recepturum

146 1397 176 1446 et
203 1396 442 1446 conservaturum
470 1383 558 1459 dixit3
599 1386 681 1461 quod
709 1395 770 1444 erat
798 1385 899 1444 civitas
931 1405 1040 1462 magna
1071 1383 1147 1444 inter

145 1487 250 1562 Belgas
270 1483 443 1543 auctoritate
463 1494 554 1559 atque
576 1483 733 1542 hominum
757 1483 947 1544 multitudine
968 1485 1144 1562 praestabat,

145 1594 299 1644 sexcentos
314 1582 433 1642 obsides
446 1581 591 1659 poposcit
635 1581 694 1642 His
714 1582 827 1643 traditis
842 1583 1039 1659 omnibusque
1058 1583 1146 1642 armis

96 1708 129 1766 15
144 1704 181 1744 ex
194 1683 307 1760 oppido
321 1681 435 1741 collatis
448 1685 487 1743 ab
502 1703 538 1743 eo
552 1685 620 1743 loco
636 1682 668 1742 in
686 1685 760 1743 fines
774 1684 989 1744 Ambianorum
1003 1685 1144 1762 pervenit,

144 1781 195 1858 qui
216 1801 248 1842 se
270 1800 381 1857 suaque
402 1781 504 1841 omnia
524 1781 587 1840 sine
607 1800 691 1841 mora
712 1781 897 1843 dedidemnt,
941 1784 1052 1840 Eorum
1072 1782 1146 1840 fines

145 1879 245 1940 Nervii
270 1878 473 1956 attingebant:
494 1898 620 1956 quorum
641 1881 804 1940 denatura
823 1879 1013 1955 moribusque
1036 1880 1146 1939 Caesar

144 1997 213 2037 curn
241 1988 400 2054 quaereret,
430 1977 472 2037 sic
499 1976 683 2054 reperiebat:
720 1978 844 2037 Nullum
872 1976 986 2037 aditum
1015 1996 1078 2036 esse
1106 1979 1146 2036 ad

144 2097 195 2137 eos
218 2077 447 2152 mercatoribus3
474 2077 547 2136 nihil
567 2078 629 2154 pati
649 2077 710 2136 vini
730 2077 969 2154 reliquarumque
989 2097 1085 2137 rerum
1106 2080 1146 2137 ad

93 2191 130 2228 20
142 2175 286 2234 luxuriam
306 2174 516 2251 pertinentium
536 2175 642 2249 inferri,
658 2176 741 2252 quod
760 2175 802 2235 eis
819 2177 906 2236 rebus
923 2177 1145 2252 relanguescere

142 2272 257 2332 animos
272 2292 374 2332 eorum
386 2283 415 2332 et
429 2271 538 2332 remitti
545 2273 682 2333 virtutem
693 2274 911 2334 existimarent:
933 2295 997 2335 esse
1008 2275 1144 2335 homines

141 2373 218 2430 seros
233 2389 417 2448 magnaeque
429 2371 563 2431 virtutis:
594 2371 768 2450 increpitare
776 2383 867 2450 atque
874 2374 1008 2434 incusare
1017 2375 1143 2452 reliquos

61 2473 64 2478 ’
143 2472 255 2558 Belgas,
285 2470 337 2546 qui
369 2490 401 2529 se
427 2470 540 2546 populo
572 2473 712 2532 Romano
745 2471 928 2532 dedidissent
960 2472 1144 2549 patriamque

141 2569 278 2629 virtutem
303 2567 495 2645 proiecissent
505 2591 515 2642 ;
544 2571 718 2631 confirmare
741 2591 805 2632 sese
826 2568 924 2648 ireque
944 2572 1056 2649 legatos
1077 2571 1143 2630 mis-

93 2699 107 2735 2
112 2695 127 2753 5
141 2689 224 2729 suros
238 2687 336 2743 neque
349 2668 440 2727 ullam
451 2667 660 2730 condicionem
669 2668 751 2746 pacis
765 2681 945 2747 accepturos.
984 2673 1028 2728 16.
1065 2671 1143 2731 Cum

141 2790 193 2847 per
207 2789 310 2830 eorum
324 2769 398 2827 fines
415 2767 547 2827 triduum
565 2768 620 2827 iter
637 2769 762 2839 fecisset,
777 2767 947 2826 inveniebat
967 2786 1002 2825 ex
1018 2765 1143 2843 captivis

142 2867 242 2928 Sabim
269 2869 380 2926 flumen
404 2867 442 2926 ab
467 2865 568 2925 castris
589 2866 648 2925 suis
670 2884 732 2924 non
752 2864 878 2940 amplius
899 2863 981 2923 milia
1001 2883 1143 2940 passuum

141 2968 247 3027 decem
261 2966 378 3026 abesse:
392 2974 472 3024 trans
486 2963 519 3023 id
531 2965 644 3022 fiumen
657 2981 762 3022 omnes
777 2961 902 3022 Nervios
914 2961 1084 3021 consedisse
1092 2964 1142 3022 ad-

141 3075 323 3139 ventumque
336 3062 378 3121 ibi
393 3063 599 3120 Romanomm
613 3072 782 3138 exspectare
796 3080 938 3119 unacum
952 3059 1143 3120 Atrebatibus

90 3177 127 3233 30
142 3174 172 3223 et
184 3158 404 3234 ViromanduiS,
420 3158 551 3218 finitimis
565 3157 624 3218 suis
639 3157 721 3238 (nam
730 3157 776 3217 his
787 3157 917 3234 utrisque
927 3169 1139 3234 persuaserant,

140 3260 183 3321 uti
205 3261 331 3320 eandem
352 3257 423 3318 belli
445 3259 593 3317 fortunam
618 3254 845 3335 experirentur),
868 3255 1031 3333 exspectari
1052 3255 1141 3317 etiam

110 3337 113 3352 ³
140 3361 178 3419 ab
195 3358 241 3417 his
266 3358 491 3416 Aduatucorum
509 3355 609 3432 copias
627 3364 718 3432 atque
735 3373 800 3414 esse
818 3353 851 3412 in
865 3353 983 3416 itinere:
1004 3356 1142 3417 mulieres

127 3458 245 3531 quique
256 3476 320 3532 per
333 3466 466 3518 aetatem
484 3456 525 3517 ad
545 3473 674 3534 pugnam
695 3453 813 3516 inutiles
830 3453 999 3517 viderentur
1019 3455 1051 3515 in
1072 3475 1140 3516 enm
