2476 3796
97 169 98 172 ‘
159 199 198 269 4⁶
424 156 492 255 DE
518 195 669 256 narro
699 193 895 257 carasco

157 321 325 385 vulneribus
357 323 485 386 coniecti
513 323 749 402 procubuissent,
778 320 868 383 scutis
895 318 987 381 innixi
1014 319 1161 397 proelium

156 419 394 496 redintegrarent.
433 424 512 482 Tum
540 423 660 482 calones
680 419 850 499 perterritos
871 420 972 479 hostes
994 417 1161 495 conspicati

157 515 247 576 etiam
270 515 397 577 inermes
421 517 540 578 armatis
559 529 758 590 occurrerunt,
781 517 896 594 equites
916 535 995 589 vero,
1017 529 1051 578 ut
1071 515 1161 592 turpi·

156 612 290 673 tudinem
304 615 389 690 fugae
401 612 509 674 virtute
523 614 664 687 delerent,
681 612 820 674 omnibus
834 612 866 671 in
884 611 958 671 locis
975 617 1158 691 pugnabant,

125 730 217 794 5quo
243 729 276 770 se
299 709 464 786 legionariis
486 709 628 771 militibus
652 711 841 787 praeferrent.
884 711 926 768 At
946 710 1047 769 hostes
1068 709 1158 769 etia'm

48 854 50 858 .
154 804 187 863 in
213 817 344 867 extrema
370 825 424 882 spe
451 804 552 866 salutis
579 817 694 867 tantam
724 804 862 864 virtutem
886 802 1104 881 praestitemnt,
1125 816 1158 864 ut

155 923 224 962 cum
242 902 329 980 primi
348 923 450 963 eorum
467 903 652 975 cecidissent,
667 899 795 979 proximi
808 899 975 961 iacentibus
989 899 1158 962 insisterent

154 1012 245 1076 atque
271 1019 309 1061 ex
335 1019 438 1059 eorum
469 998 642 1077 corporibus
672 1009 840 1076 pugnarent
850 1019 861 1073 ;
901 998 947 1059 his
976 999 1099 1060 deiectis
1127 1003 1162 1058 et'

155 1092 333 1154 coacervatis
354 1093 553 1167 cadaveribus,
569 1092 620 1171 qui
638 1105 835 1171 superessent,
850 1105 885 1154 ut
905 1112 942 1154 ex
958 1097 1073 1155 tumulo
1097 1097 1157 1155 tela

106 1189 185 1251 roin
211 1202 328 1252 nostros
356 1191 525 1252 conicerent
552 1201 582 1251 et
609 1190 671 1268 pila
693 1190 859 1268 intercepta
886 1190 1087 1254 remitterent:
1123 1203 1156 1250 ut

153 1308 216 1349 non
241 1287 422 1366 nequiquam
449 1298 550 1348 tantae
575 1285 689 1347 virtutis
717 1286 854 1347 homines
881 1285 1004 1347 iudicari
1034 1289 1155 1348 deberet

152 1404 239 1445 ausos
258 1404 323 1445 esse
342 1382 465 1445 transire
481 1381 656 1442 latissimum
676 1383 796 1455 flumen,
818 1383 979 1443 ascendere
999 1382 1155 1443 altissimas

151 1482 238 1559 ripas,
250 1480 348 1543 subire
355 1480 571 1559 iniquissimum
580 1483 681 1541 locum
692 1501 701 1554 3
724 1499 801 1557 quae
815 1479 913 1540 facilia
926 1500 963 1540 ex
977 1479 1154 1540 difficillimis

151 1577 242 1638 animi
269 1577 442 1655 magnitudo
469 1578 630 1653 redegerat.
682 1578 728 1636 28.
774 1577 847 1634 Hoc
873 1574 989 1652 proelio
1016 1576 1096 1635 facto
1124 1587 1154 1635 et

103 1693 136 1752 15
150 1698 246 1757 prope
259 1680 299 1740 ad
311 1678 536 1740 internicionem
551 1689 640 1754 gente
653 1697 690 1737 ac
702 1675 827 1767 nomine
841 1674 1019 1735 Nerviorum
1032 1677 1153 1736 redacto

150 1775 276 1837 maiores
306 1787 388 1850 natu,
417 1795 492 1853 quos
524 1775 585 1834 {rna
617 1793 685 1833 cum
723 1770 822 1850 pueris
857 1771 1088 1847 mulieribusque
1121 1771 1154 1831 in

149 1871 294 1932 aestuaria
317 1891 353 1932 ac
375 1872 500 1948 paludes
522 1869 674 1931 coniectos
693 1869 869 1944 dixeramus,
884 1869 942 1928 hac
961 1887 1063 1944 pugna
1080 1887 1153 1927 nun-

148 1968 228 2041 tiata,
257 1988 326 2028 cum
351 1967 513 2028 victoribus
540 1965 613 2025 nihil
640 1965 827 2044 impeditum,
850 1964 935 2025 victis
956 1963 1029 2023 nihil
1055 1975 1151 2025 tutum

149 2063 363 2135 arbitrarentur,
395 2061 538 2134 omnium,
567 2061 618 2138 qui
645 2072 827 2139 supererant,
858 2079 1006 2120 consensu
1038 2061 1150 2137 legatos

98 2177 135 2218 ao
149 2163 188 2223 ad
203 2165 361 2224 Caesarem
374 2160 516 2222 miserunt
530 2180 621 2238 seque
641 2159 670 2221 ei
683 2160 860 2221 dediderunt
874 2170 904 2219 et
919 2158 951 2218 in
969 2179 1151 2221 commemo-

147 2262 241 2321 randa
268 2258 392 2321 civitatis
420 2258 589 2319 calamitate
614 2278 651 2320 ex
677 2256 825 2318 sexcentis
849 2257 889 2317 ad
910 2267 968 2316 tres
989 2267 1148 2332 senatores,

146 2377 184 2419 ex
203 2356 359 2419 hominum
382 2356 500 2419 milibus
521 2369 563 2417 Lx
580 2356 630 2417 vix
647 2357 686 2418 ad
705 2354 890 2434 quingentos,
906 2354 957 2431 qui
977 2375 1059 2415 arma
1075 2356 1150 2415 ferre

145 2466 276 2532 possent,
299 2474 365 2516 sese
386 2455 522 2515 redactos
546 2473 612 2514 esse
633 2452 776 2514 dixerunt
820 2453 904 2526 Quos
927 2454 1046 2524 Caesar,
1067 2463 1101 2512 ut
1117 2451 1149 2512 in

142 2551 267 2614 miseros
294 2573 331 2613 ac
352 2550 501 2629 supplices
522 2571 592 2612 usus
620 2549 822 2611 misericordia
849 2549 1005 2623 videretur,
1028 2549 1149 2626 diligen·

96 2659 131 2718 25
145 2648 257 2711 tissime
278 2648 461 2710 conservavit
486 2648 606 2725 suisque
622 2647 731 2708 finibus
751 2659 842 2724 atque
863 2646 982 2724 oppidis
1002 2645 1045 2706 uti
1065 2644 1147 2706 iussit

144 2758 175 2807 et
187 2747 319 2808 finitimis
337 2744 499 2823 imperavit,
514 2757 547 2806 ut
563 2747 602 2805 ab
623 2743 729 2804 iniuria
749 2755 779 2805 et
797 2743 945 2804 maleficio
964 2762 996 2803 se
1017 2761 1147 2819 suosque

143 2842 344 2920 prohiberent.

206 2959 252 3017 29.
294 2935 451 3009 Aduatuci,
467 2937 506 2997 de
515 2935 622 3014 quibus
632 2957 722 3014 supra
735 2935 913 3014 scripsimus,
923 2952 992 2993 cum
1006 2931 1145 2994 omnibus

143 3035 237 3114 copiis
264 3035 373 3097 auxilio
408 3034 524 3096 Nerviis
555 3034 696 3109 venirent,
724 3036 782 3094 hac
813 3051 915 3110 pugna
940 3028 1076 3092 nuntiata
1109 3051 1146 3093 ex

91 3143 129 3200 30
141 3133 246 3194 itinere
272 3134 397 3195 domum
424 3144 627 3206 reverterunt3
667 3128 782 3191 cunctis
812 3127 931 3206 oppidis
959 3127 1145 3205 castellisque

141 3227 266 3290 desertis
280 3249 334 3289 sua
347 3228 448 3288 omnia
457 3227 493 3287 in
512 3247 606 3287 unum
626 3225 774 3303 oppidum
794 3221 909 3300 egregie
927 3233 1032 3282 natura
1050 3223 1145 3283 muni-

140 3338 205 3387 tum
214 3328 409 3387 contulerunt.
441 3325 533 3400 Quod
544 3343 613 3383 cum
626 3342 663 3383 ex
678 3319 817 3382 omnibus
831 3318 997 3379 incircuitu
1011 3318 1144 3396 partibus

135 3423 295 3486 altissimas
311 3440 400 3499 mpes
419 3421 638 3497 despectusque
657 3419 789 3492 haberet,
804 3436 864 3477 una
882 3435 920 3477 ex
938 3425 1024 3494 parte
1038 3413 1144 3476 leniter
