2476 3796
367 209 506 270 arar.
555 209 646 269 cla
674 209 802 282 24—28.
1049 227 1082 286 15
1125 187 1126 191 '

87 352 117 402 et
139 360 156 402 e
179 340 246 400 loco
268 338 417 416 superiore
438 338 468 398 in
490 349 606 404 nostros
627 337 781 416 venientes
802 337 862 396 tela
889 334 1084 408 coniciebant,

87 450 117 498 et
138 436 274 497 nonnulli
292 436 369 496 inter
390 455 486 495 carros
507 447 647 512 rotasque
669 446 794 494 mataras
815 455 850 494 ac
867 436 995 511 tragulas
1010 433 1087 493 subi-

87 535 205 594 ciebant
224 545 402 609 nostrosque
415 535 617 593 vulnerabant.
662 532 724 591 Diu
738 552 806 591 cum
821 543 898 592 esset
913 543 1085 609 pugnatum,

86 631 305 708 impedimentis
328 630 491 706 castrisque
510 629 603 689 nostri
622 629 710 707 potiti
724 642 802 689 sunt.
845 629 892 689 Ibi
907 627 1087 705 Orgetorigis

86 729 146 788 filia
168 740 258 805 atque
280 747 355 786 unus
378 747 395 788 e
414 728 481 787 filiis
503 739 606 804 captus
629 739 681 787 est.
725 730 772 787 Ex
792 747 829 788 eo
843 727 957 804 proelio
973 725 1088 785 circiter
1120 747 1135 806 5

86 824 243 886 hominum
262 825 344 884 milia
364 842 451 885 cxxx
472 827 678 902 superfuerunt
699 845 794 901 eaque
814 836 878 885 tota
892 837 981 885 nocte
996 823 1088 884 conti-

86 933 191 981 nenter
210 921 324 980 ierunt:
353 923 465 980 nullam
485 934 600 998 partem
622 923 718 982 noctis
739 922 843 982 itinere
865 921 1031 982 intermisso
1056 920 1087 978 in

86 1021 160 1079 fines
184 1018 354 1095 Lingonum
377 1019 426 1079 die
455 1031 560 1095 quarto
588 1031 792 1096 pervenerunt,
815 1039 883 1078 cum
912 1030 941 1078 et
968 1029 1088 1095 propter

86 1119 208 1176 vulnera
235 1116 364 1174 militum
393 1129 423 1176 et
450 1129 571 1193 propter
598 1118 777 1194 sepulturam
804 1116 971 1176 occisorum
995 1114 1087 1174 nostri

66 1213 218 1273 ,triduum
247 1213 353 1272 morati
386 1232 438 1272 eos
473 1214 558 1289 sequi
591 1233 654 1273 non
688 1213 862 1290 potuissent.
905 1215 1014 1272 Caesar
1048 1212 1137 1270 adro

87 1311 235 1389 Lingonas
254 1311 365 1370 litteras
386 1309 566 1387 nuntiosque
587 1311 674 1386 misit,
696 1331 734 1370 ne
756 1331 807 1371 eos
835 1313 982 1370 frumento
1011 1330 1087 1370 neve

86 1407 143 1464 alia
169 1426 200 1465 re
228 1406 379 1466 iuvarent:
400 1407 452 1484 qui
480 1407 505 1465 si
533 1407 684 1480 iuvissent,
713 1427 745 1466 se
775 1408 883 1466 eodem
917 1409 995 1478 loc0,
1025 1426 1085 1482 quo

88 1503 252 1576 Helvetios
268 1503 444 1564 habiturum.
482 1506 551 1580 Ipse
567 1504 665 1563 triduo
680 1503 847 1563 intermisso
863 1523 931 1562 cum
946 1503 1085 1562 omnibus

86 1597 179 1675 copiis
207 1619 258 1658 eos
291 1599 375 1675 sequi
409 1600 516 1676 coepit.
562 1617 608 1674 27.
652 1599 785 1659 Helvetii
820 1599 955 1659 omnium
989 1618 1086 1658 rerum

86 1696 187 1772 inopia
208 1696 329 1756 adducti
344 1699 457 1772 legatos
472 1698 511 1756 de
525 1695 678 1756 deditione
693 1697 732 1755 ad
747 1715 815 1755 eum
830 1695 981 1754 miserunt.
1026 1694 1086 1769 Qui
1103 1711 1135 1769 15

86 1810 154 1849 cum
169 1790 280 1850 eumin
293 1791 398 1851 itinere
413 1791 620 1851 convenissent
635 1810 726 1867 seque
740 1792 778 1850 ad
790 1791 882 1867 pedes
893 1788 1086 1866 proiecissent

86 1885 314 1963 suppliciterque
334 1887 426 1946 locuti
447 1889 551 1946 flentes
573 1906 679 1963 pacem
700 1887 852 1963 petissent,
868 1897 959 1962 atque
981 1904 1033 1944 eos
1054 1885 1085 1943 in

86 2003 124 2042 eo
143 1986 220 2056 loco,
236 2003 296 2060 quo
317 1994 382 2043 tum
403 1995 509 2058 essent,
527 2003 613 2042 suum
632 1985 792 2043 adventum
808 1995 976 2059 exspectare
990 1983 1087 2042 iussis·

87 2093 139 2156 set,
168 2093 335 2158 paruerunt.
379 2084 425 2140 Eo
454 2094 613 2159 postquam
641 2083 752 2141 Caesar
779 2080 922 2157 pervenit,
953 2079 1081 2152 obsides,

87 2198 177 2252 arma,
196 2198 305 2252 servos
327 2178 378 2255 qui
399 2179 438 2238 ad
459 2198 511 2238 eos
531 2178 736 2256 perfugissent,
758 2176 904 2254 poposcit.
948 2178 1029 2235 Dum
1051 2195 1086 2234 ea
1101 2195 1136 2232 20

87 2274 299 2350 conquiruntur
321 2286 350 2335 et
365 2276 564 2348 conseruntur,
581 2287 669 2333 nocte
683 2272 850 2333 intermissa
864 2271 979 2332 circiter
992 2271 1086 2331 homi·

87 2391 159 2429 num
182 2370 264 2430 milia
286 2389 318 2430 v1
339 2371 402 2431 eius
430 2370 507 2447 pagi,
537 2370 587 2447 qui
608 2369 794 2447 Verbigenus
822 2371 995 2446 appellatur,
1025 2367 1086 2427 sive

87 2473 193 2534 timore
220 2473 371 2551 perterriti,
393 2493 431 2533 ne
453 2472 548 2532 armis
576 2473 689 2532 traditis
717 2472 862 2548 supplicio
891 2473 1084 2545 afficerentur,

87 2564 150 2629 sive
162 2589 215 2647 spe
229 2568 330 2628 salutis
344 2569 468 2642 inducti,
485 2570 567 2644 quod
581 2568 610 2626 in
627 2579 710 2627 tanta
724 2566 914 2626 multitudine
934 2565 1087 2625 dediticio-

87 2687 153 2725 rum
174 2686 258 2725 suam
279 2667 378 2740 sugam
399 2677 451 2724 aut
472 2663 613 2723 occultari
633 2675 685 2722 aut
706 2663 829 2723 omnino
851 2663 976 2739 ignorari
997 2683 1084 2740 posse
1101 2686 1114 2722 2
1120 2684 1135 2742 5

88 2762 299 2834 existimarent,
315 2761 410 2837 prima
428 2772 517 2844 nocte
539 2780 555 2819 e
577 2760 678 2836 castris
700 2759 907 2818 Helvetiorum
924 2760 1032 2836 egressi
1046 2763 1085 2820 ad

88 2859 230 2918 Rhenum
248 2860 382 2932 finesque
397 2859 614 2917 Germanorum
633 2858 859 2915 contenderunt,
903 2859 948 2915 28.
993 2858 1085 2931 Quod

87 2953 138 3024 ubi
161 2955 271 3014 Caesar
292 2952 398 3027 resciit,
422 2973 549 3029 quorum
569 2973 622 3029 per
642 2955 716 3012 fines
737 2951 840 3024 ierant,
862 2952 916 3026 his,
947 2952 989 3010 uti
1017 2972 1086 3011 con-

88 3047 237 3124 quirerent
258 3059 288 3107 et
308 3050 492 3121 reducerent,
511 3049 535 3107 si
557 3048 612 3108 sibi
633 3047 749 3125 purgati
769 3067 833 3107 esse
854 3049 972 3120 vellent,
995 3047 1086 3125 impe·

87 3145 178 3206 ravit:
199 3147 337 3205 reductos
359 3146 390 3204 in
412 3146 542 3205 hostium
556 3165 680 3205 numero
694 3144 816 3217 habuit,
837 3145 965 3220 reliquos
980 3165 1084 3205 omnes
1099 3174 1137 3229 30

88 3242 249 3316 obsidibus,
273 3242 369 3314 armis,
394 3243 523 3319 perfugis
548 3242 663 3302 traditis
687 3242 718 3301 in
748 3241 931 3301 deditionem
960 3243 1082 3320 accepit.

89 3339 255 3413 Helvetios
277 3340 430 3416 TulingoS,
453 3340 628 3416 Latobrigos
650 3339 680 3398 in
701 3341 775 3398 fines
797 3359 875 3412 suos,
897 3341 978 3399 unde
1002 3352 1085 3400 erant

88 3436 219 3515 profecti,
241 3436 347 3497 reverti
366 3436 449 3498 iussit
471 3449 510 3513 et,
539 3439 624 3516 quod
650 3437 794 3498 omnibus
817 3437 961 3512 irugxbus
984 3434 1110 3491 arsisses
