2476 3796
338 767 379 841 C.
423 766 566 840 IULll
610 763 887 839 CAESARIS

306 995 307 998 ¹
401 961 827 1026 COMMENTARIORUM

242 1141 341 1234 DE
388 1139 619 1233 BELLO
667 1136 983 1232 GALLICO

434 1337 580 1401 Lrnnu
611 1335 802 1402 narnus.

176 1540 200 1580 1.
244 1514 366 1580 Garum
380 1530 425 1580 est
439 1518 536 1580 omnis
551 1518 645 1579 divisa
659 1519 690 1579 in
703 1531 802 1596 partes
811 1531 878 1594 tres,
889 1540 1012 1597 quarum
1021 1541 1112 1580 unam
1175 1551 1178 1558 ·

112 1616 247 1676 incolunt
261 1619 378 1695 Belgae,
394 1615 481 1676 aliam
500 1616 651 1694 Aquitani,
667 1616 783 1676 tertiam
802 1615 853 1692 qui
867 1615 999 1692 ipsorum
1013 1616 1113 1694 lingua

113 1717 223 1790 Celtae,
234 1725 335 1775 nostra
346 1714 424 1774 Galli
436 1715 629 1790 appellantur.
674 1712 718 1772 Hi
729 1732 834 1773 omnes
844 1712 952 1791 lingua,
963 1712 1111 1788 institutis,

112 1810 226 1889 legibus
247 1811 323 1870 inter
344 1831 376 1870 se
396 1803 541 1870 differunt.
585 1811 688 1869 Gallos
709 1810 747 1870 ab
775 1809 932 1886 Aquitanis
961 1811 1114 1869 Garumna

112 1909 232 1982 flumen,
261 1928 280 1966 a
304 1905 406 1983 Belgis
435 1908 575 1966 Matrona
602 1917 632 1966 et
662 1908 799 1982 Sequana
826 1904 938 1965 dividit.
993 1906 1111 1965 Horum
1146 1930 1162 1990 5

112 2004 247 2068 omnium
275 2003 424 2065 fortissimi
452 2013 521 2062 sunt
548 2004 664 2079 Belgae,
693 2013 849 2078 propterea
876 2001 957 2078 quod
985 2021 1004 2060 a
1029 2003 1111 2061 cultu

112 2113 201 2180 atque
220 2100 403 2163 humanitate
421 2098 591 2176 provinciae
611 2098 780 2176 longissime
801 2099 916 2171 absunt,
932 2096 1113 2174 minimeque

111 2201 152 2260 ad
179 2219 231 2260 eos
259 2210 437 2260 mercatores
465 2217 553 2274 saepe
582 2207 752 2258 commeant
779 2208 869 2272 atque
896 2216 940 2269 ea,
970 2216 1046 2273 quae
1073 2198 1113 2257 ad

114 2295 328 2356 effeminandos
348 2294 464 2354 animos
483 2293 639 2372 pertinent,
654 2293 821 2369 important,
837 2292 1023 2369 proximique
1045 2305 1112 2352 sunt

113 2390 277 2464 Germanis
293 2390 344 2468 qui
358 2401 438 2450 trans
454 2392 595 2451 Rhenum
609 2390 752 2462 incolunt,
769 2389 946 2466 quibuscum
960 2389 1112 2450 continen-
1129 2425 1163 2462 10

111 2499 157 2548 ter
169 2487 280 2547 bellum
294 2497 408 2563 gerunt.
452 2487 522 2560 Qua
540 2487 578 2546 de
599 2507 688 2546 causa
704 2486 835 2548 Helvetii
850 2506 970 2564 quoque
984 2488 1112 2565 reliquos

111 2585 213 2645 Gallos
227 2583 332 2644 virtute
346 2586 537 2660 praecedunt,
553 2585 635 2661 quod
653 2587 713 2645 lere
734 2584 891 2645 cotidianis
910 2585 1028 2661 proeliis
1043 2607 1112 2646 cum

111 2680 267 2741 Germanis
287 2681 481 2752 contendunt,
502 2700 570 2739 cum
591 2691 642 2740 aut
664 2680 723 2740 suis
744 2680 850 2740 finibus
872 2699 924 2740 eos
944 2681 1110 2757 prohibent,

110 2787 162 2838 aut
175 2776 232 2853 ipsi
246 2776 277 2836 in
298 2796 401 2837 eorum
420 2777 528 2838 finibus
547 2779 659 2838 bellurn
677 2790 789 2856 gerunt.
834 2781 947 2839 Eorum
961 2800 1111 2858 unapars,

110 2892 200 2950 quarn
222 2875 325 2934 Gallos
346 2873 480 2934 obtinere
502 2874 688 2949 dictumest,
710 2874 827 2934 initium
849 2876 929 2952 capit
949 2897 967 2936 a
990 2877 1111 2938 flumine
1128 2904 1161 2964 15

111 2972 262 3033 Rhodano
273 2995 282 3048 3
312 2971 481 3032 continetur
509 2975 661 3032 Garumna
688 2973 819 3047 flumine,
849 2976 980 3049 Oceano,
1003 2975 1112 3036 finibus

110 3069 267 3144 Belgarum
276 3089 286 3143 ,·
313 3067 430 3144 attingit
448 3067 537 3128 etiam
556 3070 595 3129 ab
617 3069 761 3146 Sequanis
782 3080 811 3131 et
833 3070 979 3131 Helvetiis
1000 3071 1121 3142 flumen·

111 3163 252 3224 Rhenum
263 3187 272 3240 ;
315 3163 408 3242 vergit
435 3165 475 3223 ad
503 3165 725 3242 septentriones.
770 3167 880 3243 Belgae
907 3166 946 3226 ab
975 3167 1112 3227 extremis

111 3257 227 3321 Galliae
246 3259 355 3321 finibus
376 3260 528 3338 oriuntur;
555 3262 705 3339 pertinent
732 3265 772 3324 ad
799 3263 968 3325 inferiorern
995 3275 1111 3341 partem

109 3353 239 3416 fluminis
267 3354 368 3417 Rheni
375 3378 385 3431 3
429 3368 564 3434 spectant
590 3358 622 3418 in
649 3358 880 3437 septentrionem
909 3369 938 3421 et
965 3357 1111 3421 orientem
1125 3389 1163 3429 20
