2476 3796
357 198 443 256 LIB.
469 199 515 256 II.
564 198 653 257 CAR
681 215 806 269 10-14.
1051 215 1090 273 39

88 316 161 388 rent.
205 329 253 387 Ita
274 326 338 388 sine
359 329 421 386 ullo
441 325 573 403 periculo
594 337 709 386 tantam
737 345 840 386 eorum
869 321 1090 384 multitudinem

88 423 181 483 nostri
201 424 419 493 interfecerunt,
441 432 585 498 quantum
612 420 667 481 fuit
688 420 748 480 diei
769 418 906 497 spatium,
929 420 984 479 sub
1006 438 1091 478 occa-

87 541 213 597 sumque
231 520 301 580 solis
318 517 493 579 destiterunt
507 537 599 595 seque
613 517 644 576 in
659 527 763 591 castra,
778 528 811 577 ut
825 528 888 576 erat
901 517 1087 593 imperatum,
1190 578 1191 582 ,

88 628 270 695 receperunt.

122 736 194 775 12.
239 714 429 776 Postridie
403 735 465 775 erus
485 713 544 775 diei
561 715 679 786 Caesar,
694 713 866 801 priusquam
885 732 917 772 se
934 712 1035 774 hostes
1053 731 1089 771 ex
1121 736 1136 796 5

86 823 195 872 terrore
210 833 245 872 ac
259 815 329 889 suga
346 813 519 902 reciperent
535 812 567 871 in
583 799 657 872 fine‘s
675 813 876 890 Suessionum,
892 809 943 887 qui
961 806 1088 886 proximi

10 905 14 918 '
87 909 190 993 Remis
218 921 310 992 erant,
331 909 492 970 exercitum
520 910 604 982 duxit
631 920 661 969 et
685 929 794 987 magno
818 908 921 968 itinere
949 909 1087 967 confecto

85 1003 125 1062 ad
139 995 282 1094 oppidum
294 957 510 1077 Noviodunum
519 1003 683 1075 contendit
707 1003 773 1081 Id
750 1023 791 1087 ex
801 1002 905 1063 itinere
914 1021 1087 1108 oppugnare

85 1108 218 1172 conatus,
234 1100 316 1176 quod
329 1120 456 1195 vacuum
471 1100 508 1160 ab
520 1092 727 1183 defensoribus
733 1120 797 1161 esse
806 1100 948 1161 audiebat
950 1097 1088 1178 ,p'ropter

85 1199 125 1256 lat
126 1196 271 1257 itudinem
280 1199 377 1268 fossae
390 1198 525 1280 murique
539 1177 726 1260 altitudinem
740 1198 842 1276 paucis
857 1197 1085 1258 defendentibus
1101 1220 1136 1259 10

85 1313 250 1388 expugnare
264 1315 326 1355 non
339 1296 463 1372 potuit'
487 1297 597 1359 Castris
611 1297 842 1387 munitisvineas
852 1317 944 1383 agere
949 1296 1086 1375 quaeque

84 1391 123 1449 ad
150 1376 383 1469 oppugnandum
409 1393 475 1453 usui
502 1405 586 1454 erant
611 1414 782 1487 comparare
809 1394 917 1474 coepit.
960 1389 1084 1455 Interim

83 1487 181 1547 omnis
199 1508 236 1548 ex
257 1489 326 1566 fuga
344 1489 534 1576 Suessionum
557 1475 746 1552 multitudo
737 1512 769 1550 m
788 1491 933 1569 oppidum
950 1491 1085 1568 proxima

83 1577 172 1645 nocte
192 1587 338 1656 convenit
375 1566 516 1648 Celeriter
539 1574 637 1647 vineis
656 1591 695 1649 ad
714 1589 858 1667 oppidum
881 1589 962 1664 actis,
978 1610 1084 1667 aggere

81 1680 160 1741 iacto
190 1682 376 1770 turribusque
409 1683 576 1744 constitutis
611 1684 814 1762 magnitudine
847 1705 978 1762 operum,
1007 1705 1084 1762 quae
1098 1710 1132 1768 15

81 1792 179 1853 neque
205 1777 340 1839 viderant
362 1790 432 1839 ante
459 1780 538 1840 Galli
565 1799 663 1857 neque
690 1780 851 1852 audierant,
881 1792 910 1841 et
934 1781 1083 1842 celeritate

82 1877 286 1935 Romanomm
317 1877 444 1953 permoti
471 1879 582 1955 legatos
610 1879 650 1938 ad
676 1881 835 1941 Caesarem
864 1880 902 1939 de
931 1879 1082 1940 deditione

80 1973 199 2055 mittunt
221 1985 250 2034 et
270 1974 439 2051 petentibus
461 1974 573 2048 Remis,
593 1985 626 2036 ut
646 1986 895 2050 conservarentur,
914 1965 1079 2054 impetrant.

83 2089 126 2145 13.
171 2072 281 2131 Caesar
299 2071 453 2131 obsidibus
469 2071 598 2148 acceptis
616 2071 718 2148 primis
739 2071 865 2131 civitatis
879 2082 969 2149 atque
989 2072 1081 2149 ipsius

78 2168 193 2226 Galbae
220 2167 297 2245 regis
325 2168 442 2226 duobus
469 2165 536 2225 filiis
564 2165 711 2242 armisque
740 2166 878 2226 omnibus
907 2187 944 2226 ex
968 2167 1080 2244 oppido
1095 2194 1131 2231 20

78 2261 192 2320 traditis
213 2261 243 2320 in
265 2262 449 2322 deditionem
470 2261 642 2322 Suessiones
664 2258 1022 2338 accepit'exereitumque
1049 2261 1081 2320 in

79 2360 251 2419 Bellovacos
266 2360 354 2420 ducit.
399 2360 458 2436 Qui
479 2380 548 2419 cum
570 2380 602 2420 se
622 2379 736 2436 suaque
757 2359 858 2420 omnia
879 2359 910 2418 in
934 2358 1079 2436 oppidum

78 2459 316 2534 Bratuspantium
330 2459 533 2535 contulissent,
550 2469 640 2535 atque
653 2460 691 2518 ab
707 2477 743 2518 eo
758 2458 871 2535 oppido
885 2459 1079 2519 Caesareum

75 2557 206 2617 exercitu
233 2557 349 2617 circiter
378 2558 459 2617 milia
486 2578 627 2635 passuum
655 2558 788 2634 quinque
816 2559 940 2629 abesset,
973 2576 1078 2616 omnes

76 2656 202 2716 maiores
217 2667 288 2715 natu
302 2675 338 2716 ex
352 2656 465 2734 oppido
479 2656 587 2734 egressi
600 2676 706 2716 manus
720 2657 759 2715 ad
778 2657 937 2716 Caesarem
955 2656 1078 2715 tendere
1092 2672 1127 2731 25

74 2764 105 2812 et
121 2773 196 2814 voce
215 2753 378 2830 significare
396 2765 566 2831 coeperunt,
582 2773 647 2814 sese
671 2753 703 2813 in
724 2752 787 2813 eius
808 2754 900 2812 fidem
922 2772 957 2812 ac
981 2763 1078 2829 potes-

74 2862 165 2912 tatem
184 2852 285 2912 venire
305 2872 403 2929 neque
421 2863 523 2911 contra
542 2854 687 2929 populum
708 2854 879 2910 Romanum
901 2850 988 2910 armis
1009 2870 1079 2911 con-

73 2953 203 3011 tendere.
247 2953 334 3023 Item,
350 2970 419 3009 eum
440 2952 479 3010 ad
499 2950 645 3027 oppidum
666 2949 839 3017 accessisset
859 2960 1014 3026 castraque
1034 2949 1076 3009 ibi

72 3060 204 3125 poneret,
232 3049 316 3127 pueri
343 3049 540 3126 mulieresque
567 3069 604 3109 ex
631 3069 715 3109 muro
742 3048 835 3125 passis
863 3048 1000 3108 manibus
1021 3069 1076 3110 sno

72 3167 155 3207 more
168 3167 273 3224 pacem
287 3149 325 3207 ab
340 3146 485 3206 Romanis
497 3145 654 3223 petierunt.
694 3163 739 3217 14.
777 3146 835 3204 Pro
848 3143 895 3203 his
910 3143 1075 3205 Divitiacus
1088 3157 1126 3211 30

72 3247 153 3325 (narn
174 3257 242 3322 post
269 3246 432 3306 discessum
453 3247 608 3323 Belgarum
632 3242 760 3304 dimissis
781 3243 956 3302 Aeduorum
980 3243 1074 3319 copiis

69 3344 110 3402 ad
132 3363 200 3403 eum
220 3343 388 3422 reverterat)
412 3344 482 3405 facit
501 3347 609 3404 verba:
637 3343 810 3402 Bellovacos
831 3342 915 3401 omni
939 3352 1073 3419 tempore

70 3440 102 3500 in
128 3442 188 3502 fide
208 3452 297 3519 atque
324 3442 453 3503 amicitia
480 3436 605 3503 civitatis
634 3443 760 3502 Aeduae
786 3441 905 3501 {nissen
929 3442 1088 3511 impsum
