2476 3796
144 204 179 256 14
405 185 474 245 DE
499 184 649 246 BELLO
678 185 875 248 GALLJCO

139 350 172 399 ut
185 338 299 417 magnis
312 337 448 418 praemiis
461 334 782 416 pollicitationibusque
796 356 865 399 suos
876 336 1048 413 excitarent,
1063 339 1139 417 quid

139 434 202 495 fieri
215 435 286 497 velit
300 435 438 498 ostendit.
483 436 540 509 Illi,
559 447 592 497 ut
611 446 673 497 erat
691 436 878 513 imperatum,
899 436 1012 497 eductis
1031 435 1068 497 iis
1088 456 1139 498 eo

139 528 281 602 hortibus,
303 550 380 607 quae
408 530 556 607 praesidio
576 529 678 591 castris
698 531 818 591 relictae
837 529 953 592 intritae
974 531 1012 591 ab
1033 533 1139 593 labore

138 637 230 699 erant,
251 638 282 686 et
302 625 434 704 longiore
454 625 558 687 itinere
578 626 796 700 circumductis,
818 646 857 686 ne
878 645 915 686 ex
936 625 1068 687 hostium
1087 646 1138 687 ca·

111 719 203 805 5stris
212 719 344 797 conspici
352 732 484 798 possent,
493 718 626 781 omnium
636 721 728 781 oculis
737 721 946 798 mentibusque
954 722 992 781 ad
1001 741 1137 800 pugnam

138 815 257 876 intentis
276 816 408 878 celeriter
426 818 465 876 ad
486 837 545 889 eas,
567 837 641 894 quas
660 816 795 891 diximus
815 817 995 879 munitiones
1013 838 1138 896 perven-

138 925 223 974 erunt
236 910 326 990 atque
339 914 385 975 his
399 914 526 992 prorutis
540 914 620 992 prius
633 912 665 974 in
679 916 809 976 hostium
819 915 920 977 castris
929 916 1136 990 constiterunt,

138 1029 227 1087 quam
254 1013 342 1089 plane
366 1012 405 1071 ab
425 1009 470 1073 his
490 1011 583 1073 videri
602 1024 653 1073 aut
673 1012 745 1089 quid
764 1011 806 1072 rei
826 1025 973 1090 gereretur
992 1015 1138 1092 cognosci

137 1118 247 1184 posset.
289 1111 368 1168 Tum
382 1128 452 1169 vero
466 1110 595 1169 clamore
609 1111 647 1168 ab
661 1127 698 1168 ea
711 1119 794 1184 parte
808 1108 912 1169 audito
929 1107 1022 1169 nostri
1039 1108 1137 1169 redin-

94 1204 256 1282 rotegratis
275 1204 395 1281 mribus,
417 1207 500 1283 quod
520 1207 694 1282 plerumque
714 1204 746 1264 in
767 1225 821 1282 spe
841 1205 979 1267 victoriae
1000 1206 1136 1270 accidere

138 1300 301 1375 consuevit,
329 1299 424 1361 acrius
451 1300 615 1378 inpugnare
647 1312 815 1378 coeperunt.
859 1304 971 1361 Hostes
1002 1300 1137 1380 undique

138 1395 330 1458 circumventi
357 1397 518 1473 desperatis
546 1397 685 1458 omnibus
711 1400 800 1458 rebus
828 1416 860 1457 se
883 1417 936 1474 per
954 1396 1136 1460 munitiones

138 1491 254 1553 deicere
268 1503 298 1552 et
311 1493 381 1568 fuga
395 1493 521 1553 salutem
535 1503 636 1569 petere
649 1492 846 1553 intendemnt
890 1493 974 1568 Quos
985 1492 1136 1568 equitatus

138 1586 328 1665 apertissimis
355 1587 467 1665 campis
495 1598 682 1649 consectatus
710 1608 747 1649 ex
774 1587 887 1648 milium
919 1587 1137 1666 quinquaginta

93 1703 127 1763 15
138 1703 271 1758 numero,
287 1702 364 1761 quae
377 1704 415 1745 ex
427 1683 587 1761 Aquitania
601 1685 816 1762 Cantabrisque
830 1686 1004 1747 convenisse
1017 1699 1136 1749 consta*-

139 1784 198 1857 bat,
215 1781 266 1842 vix
278 1792 383 1859 quarta
395 1792 477 1858 parte
490 1781 594 1842 relicta
606 1784 701 1843 multa
714 1795 803 1842 nocte
818 1801 849 1842 se
864 1782 895 1842 in
909 1795 1005 1844 castra
1017 1782 1133 1860 recipit.

141 1896 186 1952 27.
230 1880 300 1938 Hac
313 1877 416 1938 audita
430 1897 530 1955 pugna
543 1878 670 1938 maxima
683 1897 751 1955 pars
760 1877 939 1954 Aquitaniae
950 1899 1014 1939 sese
1025 1881 1136 1941 Crasso

138 1972 253 2033 dedidit
279 1972 459 2050 obsidesque
485 1975 562 2033 ultro
589 1972 686 2048 misit;
720 1992 780 2050 quo
807 1972 839 2032 in
866 1993 991 2033 numero
1017 1975 1136 2035 suerunt

139 2064 277 2140 Tarbelli,
293 2066 486 2143 Bigerriones,
504 2066 620 2141 Ptianii,
640 2071 779 2139 Vocates,
798 2070 966 2136 Tarusates,
987 2070 1134 2141 Elusates,

92 2185 129 2224 20
140 2165 239 2236 Gates,
248 2163 348 2238 Ausci,
361 2164 513 2237 Garumni,
525 2166 686 2239 Sibuzates,
699 2166 875 2227 Cocosates:
890 2186 1002 2243 paucae
1013 2166 1135 2228 ultimae

139 2261 273 2322 nationes
302 2259 372 2320 anni
393 2272 528 2339 tempore
548 2265 685 2336 confisae,
707 2263 789 2340 quod
809 2263 905 2324 hiems
925 2265 1052 2336 suberat,
1074 2265 1136 2324 hoc

137 2360 234 2419 facere
247 2361 444 2436 neglexerunt

200 2458 246 2515 28.
289 2456 406 2516 Eodem
425 2459 486 2518 fere
501 2468 633 2535 tempore
649 2460 766 2532 Caesar,
783 2456 838 2518 etsi
850 2478 944 2536 prope
957 2469 1061 2519 exacta
1074 2458 1136 2521 iam

138 2565 233 2614 aestas
254 2563 325 2623 erat,
339 2563 447 2626 tamen,
462 2556 545 2631 quod
566 2554 649 2613 omni
667 2555 764 2615 Gallia
782 2566 888 2632 pacata
902 2556 1013 2615 Morini
1028 2557 1135 2616 Mena-

92 2668 106 2706 2
111 2664 127 2724 5
138 2651 238 2729 piique
249 2662 427 2727 supererant,
438 2650 489 2727 qui
503 2650 534 2709 in
547 2651 635 2710 armis
646 2663 745 2712 essent
756 2671 851 2728 neque
863 2653 980 2712 adeum
990 2672 1136 2730 umquam

137 2751 250 2826 legatos
278 2750 316 2809 de
344 2768 419 2826 pace
440 2747 596 2819 misissent,
618 2748 775 2808 arbitratus
803 2748 834 2808 id
862 2750 973 2808 bellum
1001 2748 1137 2809 celeriter

137 2844 245 2907 confici
265 2864 354 2921 posse
376 2864 412 2904 eo
432 2844 591 2904 exercitum
611 2843 751 2918 adduxit3
772 2843 823 2920 qui
842 2845 930 2920 longe
948 2844 1006 2902 alia
1020 2843 1136 2906 ratione

137 2961 172 3000 ac
199 2939 304 3016 reliqui
325 2938 403 2999 Galli
427 2940 536 2999 bellum
557 2957 657 3015 gerere
677 2949 847 3015 coeperunt.
890 2940 969 2996 Nam
990 2938 1073 3015 quod
1092 2937 1136 2998 iu-

139 3035 318 3112 tellegebant
342 3034 484 3094 maximas
505 3034 649 3107 nationes,
671 3053 747 3111 quae
767 3032 881 3110 proelio
901 3033 1135 3105 contendissent,

91 3135 238 3210 30pulsas
259 3143 470 3209 superatasque
490 3151 564 3206 esse,
582 3131 827 3208 continentesque
848 3130 934 3190 silvas
954 3150 989 3190 ac
1009 3133 1134 3208 paludes

138 3232 296 3303 habebant,
319 3249 356 3291 eo
383 3249 415 3290 se
443 3249 555 3307 suaque
583 3229 684 3289 omnia
703 3230 897 3289 contulerunt
939 3230 989 3288 Ad
1010 3247 1135 3304 quarum

139 3324 254 3385 initium
275 3324 413 3384 silvarum
434 3344 502 3384 cum
519 3326 631 3385 Caesar
648 3322 829 3400 pervenisset
848 3332 1000 3398 castraque
1018 3320 1134 3383 munire

140 3421 312 3482 instituisset
339 3438 437 3497 neque
464 3419 558 3480 hostis
584 3419 702 3479 interim
729 3418 808 3479 visus
836 3429 922 3492 esset,
944 3416 1081 3495 dispersis
1103 3417 1135 3478 in
