2476 3796
381 224 466 283 LIB.
490 224 518 283 I.
566 203 656 285 CAP.
681 243 809 302 31—33.
1056 246 1092 302 19

94 351 168 414 nihil
188 373 289 415 earum
308 373 407 413 rerum
427 354 531 424 facere,
553 372 626 429 quas
648 351 736 412 ceteri
756 354 894 429 facerent,
916 351 970 412 sed
997 350 1092 413 tristes

95 449 191 526 capite
213 448 343 509 demisso
363 459 470 508 terram
490 448 605 508 intueri.
647 447 719 507 Eius
740 447 876 522 reiquae
896 467 985 507 causa
1005 458 1092 520 esset,

94 544 215 604 miratus
243 565 281 604 ex
306 543 378 621 ipsis
401 543 533 621 quaesiit.
577 545 660 604 Nihil
681 544 811 621 Sequani
831 545 1018 622 respondere,
1040 544 1094 604 sed

42 697 45 703 .
95 641 126 700 in
150 643 255 703 eadem
280 641 397 701 tristitia
417 640 499 701 taciti
519 661 700 718 permanere.
744 645 823 704 Cum
850 644 888 702 ab
909 642 955 701 his
976 641 1093 719 saepius

95 748 248 813 quaereret
266 755 365 812 neque
391 740 482 797 ullam
510 739 632 799 omnino
659 758 765 798 vocem
793 739 956 816 exprimere
983 749 1091 816 posset,
1126 763 1142 822 5

95 836 175 896 idern
198 834 360 895 Divitiacus
389 836 511 894 Aeduus
538 834 708 911 respondit:
733 836 806 894 Hoc
825 854 890 895 esse
912 834 1092 895 miseriorem

95 943 125 993 et
138 931 301 1010 graviorem
316 933 464 992 fortunam
479 934 684 1008 Sequanorum
698 950 789 1006 quam
806 931 995 1008 reliquorum,
1011 933 1093 1006 quod

96 1030 151 1089 soli
171 1048 210 1089 ne
227 1028 259 1086 in
277 1029 395 1089 occulto
413 1028 535 1105 quidem
554 1027 637 1105 queri
657 1046 758 1103 neque
776 1027 917 1086 auxilium
938 1026 1094 1105 implorare

95 1126 238 1184 auderent
258 1122 447 1199 absentisque
464 1123 604 1183 Ariovisti
624 1123 837 1195 crudelitatem,
854 1124 934 1183 velut
951 1122 975 1182 si
994 1143 1094 1182 coram

95 1223 221 1294 adesset,
250 1221 409 1293 horrerent,
438 1233 593 1299 propterea
619 1222 702 1297 quod
727 1219 847 1296 reliquis
879 1233 979 1279 tamen
1009 1223 1094 1298 fugae
1110 1246 1146 1285 10

96 1320 218 1378 facultas
230 1319 355 1392 daretur,
365 1320 507 1396 Sequanis
515 1339 593 1395 vero,
609 1318 659 1397 qui
670 1319 747 1379 intra
754 1321 828 1378 fines
837 1337 905 1377 suos
914 1317 1094 1395 Ariovistum

95 1414 284 1492 recepissent,
300 1432 425 1489 quorum
440 1415 553 1492 oppida
567 1416 669 1476 omnia
689 1416 720 1475 in
738 1424 885 1493 potestate
905 1414 967 1474 eius
986 1425 1096 1491 essent,

97 1530 201 1572 omnes
215 1511 361 1571 cruciatus
376 1523 474 1571 essent
488 1512 663 1589 perferendi.

157 1628 203 1685 33.
248 1609 307 1668 His
319 1611 408 1668 rebus
422 1609 547 1686 cognitis
563 1611 673 1670 Caesar
691 1611 844 1671 Gallorum
863 1610 978 1671 animos
998 1609 1096 1672 verbis

97 1706 280 1767 confirmavit
302 1706 508 1784 pollicitusque
533 1720 578 1769 est
597 1708 653 1768 sibi
675 1729 742 1769 eam
760 1729 822 1769 rem
845 1729 932 1769 curae
951 1712 1095 1769 futuram:
1112 1735 1145 1794 15

96 1824 235 1883 magnam
262 1823 294 1864 se
321 1805 429 1864 habere
457 1824 541 1882 spem
566 1816 595 1864 et
622 1805 768 1865 beneficio
797 1826 851 1865 suo
872 1816 902 1866 et
923 1805 1097 1866 auctoritate

97 1902 260 1961 adductum
269 1899 450 1962 Ariovistum
465 1904 555 1962 finem
569 1901 682 1964 iniuriis
696 1905 848 1963 facturum.
886 1906 955 1963 Hac
965 1903 1097 1963 oratione

96 1998 199 2059 habita
212 1998 372 2058 concilium
392 1997 510 2057 dimisit.
554 2001 593 2058 Et
608 2000 773 2059 secundum
788 2019 823 2059 ea
837 2002 947 2061 multae
963 2020 1009 2061 res
1028 2020 1097 2060 eurn

97 2098 296 2169 hortabantur,
313 2115 403 2172 quare
418 2096 473 2156 sibi
488 2116 554 2156 earn
563 2117 626 2156 rem
637 2098 826 2174 cogitandam
837 2110 866 2159 et
878 2100 1098 2177 suscipiendam

97 2204 220 2271 putaret,
246 2193 389 2270 imprimis
413 2195 496 2269 quod
516 2195 649 2266 Aeduos,
672 2197 774 2255 fratres
802 2197 1097 2275 consanguineosque
1112 2225 1149 2263 20

98 2309 311 2367 saepenumero
338 2309 357 2350 a
383 2301 488 2350 senatu
515 2291 688 2368 appellatos,
716 2291 748 2350 in
777 2292 915 2354 servitute
945 2306 1034 2371 atque
1066 2294 1097 2354 in

98 2385 218 2446 dicione
247 2385 369 2446 videbat
401 2388 619 2447 Germanorum
649 2386 743 2448 teneri
780 2407 942 2466 eorumque
977 2390 1097 2451 obsides

99 2503 163 2544 esse
190 2485 272 2560 apud
297 2482 477 2545 Ariovistum
512 2503 547 2543 ac
580 2487 734 2561 Sequanos
755 2485 955 2563 intellegebat
966 2510 974 2563 ;
1015 2489 1097 2564 quod

99 2580 237 2640 intanto
261 2579 384 2656 imperio
408 2579 512 2658 populi
539 2581 670 2640 Romani
698 2581 899 2659 turpissimum
923 2583 979 2644 sibi
999 2595 1029 2644 et
1055 2584 1098 2644 rei

68 2742 73 2751 ¹
99 2675 235 2753 publicae
251 2694 316 2735 esse
334 2675 534 2736 arbitrabatur.
577 2677 724 2738 Paulatim
738 2688 837 2739 autem
852 2681 1016 2740 Germanos
1030 2700 1098 2740 con·
1111 2708 1126 2746 2
1131 2705 1146 2766 5

99 2793 234 2834 suescere
258 2775 399 2833 Rhenum
423 2774 544 2834 transire
572 2774 654 2837 etin
679 2776 807 2837 Galliam
830 2797 969 2854 magnam
996 2797 1098 2838 eorum

100 2871 321 2932 multitudinem
339 2872 439 2931 venire
457 2874 569 2950 populo
593 2876 733 2934 Romano
751 2874 951 2952 periculosum
967 2875 1096 2950 videbat,

100 2991 198 3049 neque
212 2971 268 3032 sibi
282 2971 417 3031 homines
432 2973 509 3032 seros
523 2992 559 3032 ac
572 2973 711 3034 barbaros
726 2983 939 3051 temperaturos
955 2973 1099 3034 existima·

100 3072 160 3143 bat,
188 3068 268 3146 quin,
298 3088 366 3128 cum
393 3089 516 3129 omnem
543 3069 670 3130 Galliam
697 3071 929 3148 occupavissent,
964 3082 998 3131 ut
1029 3083 1099 3134 ante

102 3167 215 3229 Cimbri
237 3167 426 3243 Teutonique
450 3168 595 3241 fecissent,
621 3168 652 3228 in
673 3169 855 3246 provinciam
875 3169 988 3230 exirent
1009 3175 1097 3247 atque
1110 3193 1150 3252 30

101 3261 171 3321 inde
197 3261 229 3321 in
258 3261 375 3321 Italiam
403 3264 625 3337 contenderent,
656 3265 826 3340 praesertim
854 3285 923 3325 cum
944 3267 1098 3342 Sequanos

102 3378 121 3418 a
137 3357 289 3434 provincia
306 3370 406 3420 nostra
427 3362 593 3421 Rhodanus
607 3361 750 3422 divideret
755 3382 764 3435 ;
785 3361 893 3439 quibus
906 3364 996 3423 rebus
1008 3382 1108 3436 quam

101 3454 271 3517 maturrime
294 3459 510 3520 occurrendum
537 3459 673 3542 putabat.
715 3463 794 3541 lpse
820 3471 932 3520 autem
959 3452 1141 3514 hostum
1174 3500 1188 3527 J.
