2476 3796
128 215 145 272 8
385 215 453 273 DE
479 213 631 273 BELLO
663 211 858 274 GALLICO

127 337 286 416 improviso
306 349 398 398 unum
418 358 529 415 pagum
550 339 672 398 adortus
694 349 779 413 esset,
795 358 863 398 cum
885 338 920 411 ei,
943 337 994 416 qui
1013 339 1125 398 flumen

126 437 305 510 transissent,
334 435 395 496 suis
421 435 564 495 auxilium
590 438 671 522 ferre¹
688 456 750 496 non
777 448 906 513 possent,
931 456 971 496 ne
997 437 1125 496 obeam

126 553 189 593 rem
211 544 262 593 aut
284 553 355 594 suae
379 553 489 610 magno
512 552 602 609 opere
621 531 720 592 virtuti
745 532 884 592 tribueret
905 542 956 592 aut
976 531 1057 608 ipsos
1076 532 1126 591 de-

126 629 257 706 spiceret.
304 633 341 691 Se
363 630 405 690 ita
426 651 444 690 a
464 631 595 707 patribus
613 630 833 706 maioribusque
851 629 911 690 suis
931 628 1077 701 didicisse,
1092 639 1124 688 ut

95 739 111 799 5
125 727 219 813 magis
232 728 338 787 virtute
352 746 441 804 quam
456 729 528 787 dolo
542 727 758 787 contenderent
771 737 822 786 aut
829 726 943 786 insidiis
953 725 1122 786 niterentur.

127 826 227 899 Quare
257 844 296 884 ne
322 824 528 897 committeret,
554 834 587 883 ut
610 823 635 883 is
660 825 751 896 locus,
775 823 827 884 ubi
854 823 1064 895 constitissent,
1088 840 1125 881 ex
1214 900 1220 913 ⁹

125 920 292 981 calamitate
315 923 418 999 populi
437 922 568 982 Romani
589 934 619 983 et
638 921 834 983 internicione
852 921 995 982 exercitus
1012 938 1124 980 nomen

125 1028 242 1094 caperet
276 1029 327 1079 aut
361 1019 535 1080 memoriam
569 1020 714 1096 proderet.
739 1029 805 1091 '14.
849 1017 907 1078 His
939 1019 1050 1078 Caesar
1082 1015 1124 1077 ita

125 1116 298 1192 respondit:
330 1118 377 1176 Eo
397 1117 453 1177 sibi
477 1117 575 1177 minus
596 1116 788 1178 dubitationis
807 1115 877 1189 dari,
897 1117 980 1193 quod
998 1135 1048 1176 eas
1066 1135 1122 1187 res,

77 1233 111 1271 10
125 1231 197 1288 quas
232 1211 319 1290 legati
352 1212 484 1272 Helvetii
511 1223 801 1285 commemorassent,
830 1210 973 1271 memoria
1000 1221 1122 1282 teneret,

125 1320 214 1386 atque
236 1330 272 1370 eo
292 1310 407 1388 gravius
429 1312 511 1383 ferre,
532 1330 592 1386 quo
615 1310 712 1370 minus
735 1309 839 1369 merito
865 1308 969 1385 populi
993 1306 1123 1368 Romani

124 1406 320 1468 accidissent:
354 1407 405 1483 qui
427 1406 452 1467 si
472 1407 595 1467 alicuius
620 1407 742 1468 iniuriae
764 1405 819 1466 sibi
847 1405 984 1466 conscius
1011 1405 1121 1478 fuisset,

124 1523 187 1563 non
205 1504 294 1564 fuisse
316 1503 434 1563 difficile
456 1523 559 1564 cavere
570 1527 579 1579 ;
601 1505 653 1564 sed
678 1525 714 1565 eo
737 1505 905 1580 deceptum,
921 1504 1004 1580 quod
1024 1522 1122 1579 neque

124 1600 315 1660 commissum
343 1619 361 1657 a
388 1618 420 1658 se
448 1598 638 1675 intellegeret,
668 1618 757 1676 quare
780 1598 904 1671 timeret,
933 1619 1031 1676 neque
1059 1599 1122 1659 sine

76 1715 109 1775 15
125 1714 214 1754 causa
247 1696 412 1755 timendum
447 1705 569 1772 putaret.
614 1697 705 1771 Quod
736 1695 761 1755 si
788 1694 893 1755 veteris
925 1695 1122 1756 contumeliae

125 1790 257 1851 oblivisci
273 1794 369 1866 vellet,
385 1812 458 1851 num
480 1792 570 1852 etiam
591 1793 755 1854 recentium
778 1793 957 1869 iniuriarum,
978 1795 1060 1871 quod
1084 1813 1120 1853 eo

123 1886 217 1946 invito
225 1887 280 1947 iter
293 1907 346 1964 per
359 1887 541 1965 provinciam
550 1909 602 1966 per
612 1889 672 1949 vim
680 1899 884 1966 temptassent,
896 1890 979 1965 quod
988 1889 1119 1962 Aeduos,

123 1984 207 2060 quod
233 1987 402 2057 Ambarros,
431 1987 514 2062 quod
546 1988 721 2063 Allobrogas
753 1998 918 2059 vexassent,
947 1986 1120 2046 memoriam

123 2080 273 2154 deponere
287 2085 395 2156 posse?
417 2083 508 2158 Quod
532 2102 585 2142 sua
608 2083 732 2143 victoria
750 2095 810 2142 tam
834 2082 995 2142 insolenter
1018 2080 1122 2160 gloria-

73 2201 109 2238 20
122 2188 230 2250 rentur,
246 2180 386 2255 quodque
400 2189 461 2238 tarn
483 2180 534 2239 diu
549 2199 581 2240 se
595 2179 717 2257 impune
736 2179 855 2239 iniurias
875 2182 976 2240 tulisse
998 2180 1121 2240 admira·

122 2284 229 2346 rentur,
246 2275 352 2333 eodem
369 2274 524 2351 pertinere·
567 2277 735 2336 Consuesse
750 2275 830 2336 enim
844 2276 916 2335 deos
931 2275 1118 2349 immortales,
1207 2347 1208 2351 η

122 2390 183 2447 quo
197 2369 312 2447 gravius
326 2371 462 2432 homines
476 2391 513 2432 ex
533 2371 767 2432 commutatione
785 2391 882 2432 rerum
901 2373 1029 2444 doleant,
1045 2391 1120 2448 quos

121 2487 175 2544 pro
199 2469 308 2527 scelere
331 2487 434 2527 eorum
455 2468 557 2528 ulcisci
576 2469 677 2542 velint,
692 2469 737 2528 his
761 2467 950 2528 secundiores
972 2467 1120 2528 interdurn

121 2586 167 2625 res
190 2577 219 2626 et
243 2565 456 2626 diuturniorem
480 2566 684 2644 impunitatem
709 2567 880 2626 concedere.
925 2567 1002 2626 Cum
1024 2586 1060 2627 ea
1078 2566 1121 2626 ita

71 2680 106 2740 ²5
121 2662 188 2737 sint,
217 2674 326 2736 tamen,
355 2663 380 2724 si
407 2664 526 2724 obsides
554 2667 592 2725 ab
617 2663 659 2725 eis
686 2663 741 2724 sibi
762 2665 878 2736 dentur,
903 2664 946 2724 uti
970 2684 1015 2736 ea,
1043 2684 1120 2741 quae

120 2761 320 2839 polliceantur,
345 2762 475 2819 facturos
501 2760 659 2836 intellegat,
683 2771 712 2821 et
739 2761 763 2820 si
790 2760 904 2820 Aeduis
932 2760 970 2819 de
998 2759 1118 2833 iniuriis,

121 2878 194 2935 quas
217 2858 288 2934 ipsis
309 2856 456 2934 sociisque
479 2877 582 2918 eorum
603 2858 762 2931 intulerint,
778 2857 850 2918 item
866 2857 891 2918 si
909 2858 1119 2947 Allobrogibus

120 2953 307 3028 satisfaciant,
329 2973 395 3014 sese
422 2973 491 3012 cum
519 2953 561 3014 eis
588 2973 695 3032 pacem
723 2973 788 3014 esse
811 2955 966 3014 facturum.
1011 2954 1119 3015 Divico

119 3048 286 3126 respondit:
317 3051 366 3108 Ita
388 3048 545 3109 Helvetios
567 3069 585 3109 a
608 3049 768 3110 maioribus
792 3049 851 3109 suis
873 3050 1022 3111 institutos
1044 3070 1117 3125 esse,

69 3167 108 3224 30
120 3145 163 3207 uti
177 3146 296 3206 obsides
309 3145 453 3222 accipere,
468 3165 530 3205 non
541 3147 619 3218 dare,
635 3147 824 3207 consuerint:
846 3147 909 3207 eius
919 3146 960 3208 rei
974 3149 1118 3224 populum

121 3244 293 3303 Romanum
312 3261 376 3302 esse
397 3252 511 3302 testem.
556 3245 627 3302 Hoc
640 3262 783 3319 responso
798 3244 868 3304 dato
883 3244 1025 3304 discessit
1072 3263 1116 3322 15.

121 3347 244 3404 Postero
262 3340 312 3402 die
333 3351 428 3400 castra
449 3359 539 3401 exeo
557 3335 773 3401 loco‘movent
818 3342 905 3402 Idem
923 3341 992 3402 facit
1009 3344 1118 3404 Caesar

109 3436 344 3513 equitatumque
357 3455 486 3512 omnem,
503 3437 543 3497 ad
559 3456 716 3497 numerum
734 3446 874 3512 quattuor
889 3437 1013 3511 milium,
1028 3458 1117 3515 quern
