2476 3796
143 237 159 276 2
402 217 471 276 DE
496 214 646 275 BELLO
677 215 818 276 GALLI
818 213 873 275 CO

141 349 242 407 solem.
279 345 441 424 Aquitania
454 367 473 406 a
486 349 641 406 Gammna‘
651 345 773 406 flumine
787 347 826 405 ad
842 347 1005 421 Pyrenaeos
1021 353 1138 402 montes

141 457 171 505 et
190 464 257 505 eam
278 456 392 521 partem
413 444 536 518 Oceani,
559 463 636 521 quae
657 455 701 504 est
725 445 765 503 ad
785 443 973 519 Hispaniam,
991 441 1117 518 pertinet
1127 460 1136 514 3

141 552 255 619 spectat
267 541 344 601 inter
357 560 496 602 occasum
511 541 580 602 solis
595 553 625 600 et
639 541 861 618 septentriones

203 659 228 697 2.
270 638 361 714 Apud
376 636 533 698 Helvetios
547 639 636 715 longe
651 637 851 698 nobilissimus
865 635 920 696 luit
933 645 963 696 et
977 631 1139 694 ditissimus

40 721 44 728 ⁵
116 749 131 808 5
150 731 312 808 Orgetorix.
356 734 387 793 Is
405 735 447 793 M.
465 736 596 794 Messala
614 746 643 794 et
663 737 706 793 M.
725 732 819 809 Pupio
839 731 947 791 Pisone
967 728 1135 791 consulibus

147 827 229 905 regni
247 828 408 904 cupiditate
426 829 565 890 inductus
584 829 817 890 coniurationem
837 826 998 889 nobilitatis
1016 828 1086 885 fecit
1107 837 1136 886 et

148 922 258 983 civitati
272 927 424 1000 persuasit,
441 937 473 985 ut
487 927 525 985 de
539 925 647 985 finibus
661 924 721 985 suis
736 945 804 984 cum
820 923 957 985 omnibus
971 921 1065 998 copiis
1079 922 1135 982 exi·

147 1032 230 1080 rent:
252 1022 389 1097 perfacile
403 1042 476 1093 esse,
488 1044 557 1083 cum
571 1024 678 1083 virtute
693 1023 831 1083 omnibus
845 1031 1035 1099 praestarent,
1046 1020 1135 1080 totius

142 1113 256 1172 Galliae
273 1111 396 1189 imperio
416 1110 511 1190 potiri.
555 1114 593 1172 Id
614 1114 672 1173 hoc
693 1112 807 1173 facilius
828 1113 870 1174 eis
890 1112 1042 1191 persuasit,
1058 1112 1141 1189 quod

93 1232 128 1271 10
141 1210 274 1287 undique
301 1210 359 1270 loci
379 1222 484 1271 natura
512 1210 645 1271 Helvetii
672 1211 880 1272 continentur:
908 1231 967 1271 una
994 1232 1031 1272 ex
1057 1220 1141 1286 parte

54 1314 58 1319 '
141 1307 262 1367 flumine
283 1308 393 1367 Rheno
414 1306 557 1367 latissimo
576 1318 666 1384 atque
680 1306 832 1381 altissimo,
848 1307 900 1384 qui
913 1327 1015 1384 agrum
1031 1307 1140 1367 Helve-

140 1403 214 1462 tium
242 1423 261 1462 a
288 1401 444 1462 Germanis
471 1401 595 1478 dividit,
638 1404 730 1462 altera
764 1422 802 1462 ex
830 1412 913 1480 parte
941 1414 1044 1464 monte
1071 1404 1141 1463 Iura

141 1499 292 1573 altissimo,
307 1499 359 1577 qui
380 1510 425 1560 est
444 1498 521 1559 inter
540 1501 694 1575 Sequanos
715 1510 744 1560 et
766 1499 940 1576 Helvetios,
969 1500 1054 1560 tertia
1073 1501 1141 1558 lacu

141 1598 295 1656 Lemanno
316 1607 346 1656 et
359 1594 482 1654 flumine
498 1596 657 1668 Rhodano,
673 1596 724 1673 qui
744 1595 928 1673 provinciam
949 1607 1081 1657 nostram
1102 1597 1140 1656 ab

93 1715 126 1773 15
143 1693 288 1754 Helvetiis
310 1692 422 1752 dividit
466 1692 525 1752 His
545 1693 633 1752 rebus
653 1695 751 1766 fiebat,
767 1703 800 1752 ut
821 1703 851 1752 et
870 1691 969 1751 minus
982 1686 1141 1768 late'vaga-

141 1802 241 1852 rentur
255 1801 284 1851 et
297 1790 396 1851 minus
410 1791 494 1850 facile
508 1789 640 1850 finitimis
658 1791 771 1851 bellurn
790 1789 895 1850 inferre
911 1801 1052 1866 possent;
1081 1809 1141 1866 qua

141 1901 274 1966 exparte
289 1889 425 1950 homines
439 1889 569 1949 bellandi
580 1889 681 1966 cupidi
692 1908 801 1964 magno
816 1888 918 1948 dolore
927 1885 1137 1946 afficiebantur.

141 1986 198 2044 Pro
219 1984 407 2045 multitudine
427 1997 528 2045 autem
547 1986 703 2044 hominum
725 1997 755 2044 et
774 2003 828 2062 pro
848 1984 942 2060 gloria
961 1982 1032 2043 belli
1050 1993 1138 2059 atque

142 2080 320 2141 fortitudinis
348 2092 488 2160 angustos
516 2102 547 2143 se
568 2081 634 2141 finis
662 2082 770 2142 habere
791 2081 1013 2151 arbitrabantur,
1036 2079 1138 2156 quiin

90 2199 128 2240 ao
141 2176 358 2254 longitudinem
385 2177 467 2237 milia
486 2197 627 2255 passuum
649 2194 737 2250 ccxi,
759 2177 791 2236 in
818 2175 1006 2236 latitudinem
1033 2193 1139 2234 chxx

141 2275 290 2353 patebant
334 2296 360 2352 3.
405 2275 463 2336 His
484 2275 572 2336 rebus
590 2274 712 2335 adducti
726 2287 755 2336 et
769 2274 943 2336 auctoritate
958 2274 1139 2351 Orgetorigis

140 2372 268 2446 permoti
277 2370 491 2431 constituerunt
500 2389 544 2443 ea,
557 2389 633 2447 quae
641 2372 682 2431 ad
692 2371 939 2448 proficiscendum
949 2371 1138 2448 pertinerent,

140 2487 320 2545 comparare,
336 2467 537 2528 iumentorum
551 2479 581 2528 et
594 2487 743 2528 carrorum
757 2487 847 2545 quam
861 2467 1024 2528 maximum
1038 2487 1140 2527 nume·

141 2584 206 2623 rum
227 2568 373 2638 coemere,
388 2576 535 2625 sementes
556 2584 646 2641 quam
667 2564 810 2625 maximas
824 2567 928 2639 lacere,
943 2563 1021 2624 utin
1035 2562 1138 2624 itinere

90 2684 104 2722 2
110 2681 126 2739 5
141 2659 228 2736 copia
247 2659 386 2719 fmmenti
406 2670 584 2737 suppeteret,
598 2680 668 2720 cum
688 2659 829 2737 proximis
845 2659 1017 2720 civitatibus
1034 2680 1138 2737 pacem

140 2769 170 2816 et
185 2756 345 2816 amicitiam
359 2759 539 2818 confirmare.
582 2758 633 2816 Ad
647 2776 696 2817 eas
710 2777 756 2817 res
771 2756 971 2817 conficiendas
985 2756 1137 2817 biennium

141 2853 196 2913 sibi
217 2852 287 2912 satis
314 2871 379 2912 esse
401 2853 567 2913 duxerunt:
595 2851 765 2912 intertium
785 2872 897 2911 annum
924 2851 1138 2928 profectionem

140 2950 204 3026 lege
233 2949 415 3008 confirmant.
459 2949 508 3008 Ad
529 2969 579 3009 eas
599 2969 646 3009 res
667 2947 823 3026 Orgetorix
844 2947 987 3026 deligitur.
1032 2951 1062 3009 Is
1083 2950 1139 3011 sibi

140 3044 319 3122 legationem
338 3046 379 3105 ad
407 3044 540 3105 civitates
561 3044 697 3122 suscepit.
742 3046 779 3103 In
800 3063 837 3104 eo
858 3042 963 3104 itinere
981 3046 1139 3121 persuadet

90 3165 128 3222 30
142 3141 271 3215 Castico,
286 3142 558 3202 Catamantaloedis
573 3142 643 3215 filio,
659 3145 807 3217 Sequano,
822 3140 906 3200 cuius
920 3153 1004 3219 pater
1017 3162 1138 3220 regnum

141 3240 173 3300 in
200 3239 343 3317 Sequanis
364 3242 473 3300 multos
492 3259 587 3300 annos
609 3240 776 3314 obtinuerat
803 3249 833 3299 et
861 3259 879 3298 a
905 3250 1010 3298 senatu
1036 3241 1140 3317 populi

145 3336 275 3397 Romani
295 3335 408 3395 amicus
429 3337 592 3412 appellatus
614 3345 684 3408 erat,
699 3345 733 3395 ut
752 3352 875 3411 regnum
894 3332 927 3392 in
946 3332 1066 3395 civitate
1086 3355 1139 3395 sua

127 3445 303 3502 occuparet,
321 3433 407 3510 quod
419 3444 510 3510 pater
525 3443 596 3492 ante
619 3431 762 3491 habuerat
772 3453 781 3506 ;
810 3429 943 3506 itemque
963 3430 1140 3510 Dumnorigi
