2476 3796
365 212 449 272 LIB.
471 211 535 270 lla
583 212 675 273 CAP.
700 229 824 290 17—21.
878 278 880 283 ,
1055 232 1089 274 11

98 360 209 422 viribus
237 360 344 422 milites
368 360 461 422 nostri
481 362 633 423 consecuti
652 383 793 441 magnum
813 383 969 425 numerum
990 384 1092 425 eorum

98 459 271 520 occiderunt
280 482 289 534 ;
310 459 439 536 reliquos
453 459 567 536 equites
587 462 748 522 consectati
766 481 886 538 paucos,
901 462 952 538 qui
970 481 1007 522 ex
1024 464 1093 539 suga

100 566 262 630 evaserant,
277 556 466 632 reliquerunt.
509 556 557 616 Sic
570 576 631 617 uno
644 568 777 634 tempore
791 568 820 618 et
834 558 872 618 de
885 557 982 616 navali
993 577 1092 634 pugna

97 650 222 711 Sabinus
243 661 273 712 et
291 653 330 713 de
350 651 452 712 Sabini
469 650 593 711 victoria
612 655 721 713 Caesar
739 652 843 713 certior
860 656 974 730 factus;
994 653 1092 714 civita-

97 755 202 822 tesque
228 765 333 807 omnes
354 766 386 807 se
407 746 507 806 statim
527 746 643 808 Titurio
665 747 849 808 dediderunt.
893 751 971 808 Nam
992 760 1025 809 ut
1052 750 1091 809 ad
1119 776 1134 834 5

97 842 175 902 bella
188 841 376 920 suscipienda
391 844 543 903 Gallorum
562 844 659 903 alacer
676 863 712 904 ac
730 854 884 921 promptus
902 857 947 905 est
964 846 1087 921 animus,

97 939 140 999 sic
165 938 263 998 mollis
286 958 322 998 ac
342 935 471 998 minime*
484 939 622 999 resistens
642 940 682 999 ad
702 940 884 1001 calamitates
903 943 1090 1017 perferendas

96 1053 181 1095 mens
195 1053 297 1094 eorum
310 1046 363 1094 est.

158 1153 203 1192 20.
248 1133 362 1192 Eodem
376 1133 436 1192 sere
449 1142 583 1208 tempore
594 1134 626 1191 P.
638 1133 761 1193 Crassus
776 1151 846 1192 cum
859 1131 889 1191 in
900 1132 1090 1209 Aquitaniam

96 1228 285 1306 pervenisset,
313 1248 389 1306 quae
416 1248 492 1305 pars,
516 1241 549 1289 ut
569 1242 639 1290 ante
666 1231 779 1290 dictum
806 1242 860 1305 est,
882 1244 912 1292 et
938 1231 1136 1309 regionumro

96 1323 252 1385 latitudine
277 1334 306 1384 et
327 1322 515 1384 multitudine
537 1323 690 1383 hominum
711 1343 748 1384 ex
768 1324 853 1385 tertia
871 1336 956 1402 parte
977 1325 1091 1386 Galliae

96 1431 142 1481 est
167 1419 358 1493 aestimanda,
381 1440 449 1479 cum
468 1419 650 1497 intellegeret
673 1421 705 1480 in
732 1419 768 1480 iis
796 1420 868 1481 locis
896 1421 953 1481 sibi
979 1424 1089 1482 bellum

95 1517 267 1593 gerendum,
288 1515 340 1575 ubi
360 1513 462 1592 paucis
482 1526 552 1575 ante
572 1515 658 1576 annis
679 1518 712 1575 L.
734 1515 869 1577 Valerius
890 1517 1090 1578 Praeconinus

96 1615 209 1690 legatus
223 1611 352 1673 exercitu
366 1614 453 1689 pulso
466 1610 637 1673 interfectus
648 1625 725 1674 esset
733 1625 822 1690 atque
833 1615 913 1674 unde
924 1616 956 1672 L
969 1615 1089 1674 Mallius

96 1710 253 1786 proconsul
265 1707 483 1786 impedimentis
497 1707 611 1768 amissis
630 1709 813 1786 profugisset,
828 1728 890 1770 non
909 1709 1087 1770 mediocrem
1100 1730 1132 1788 15

96 1803 152 1865 sibi
179 1803 363 1881 diligentiam
389 1803 591 1865 adhibendam
612 1803 808 1881 intellegebat.
851 1807 959 1881 Itaque
983 1825 1014 1865 re
1034 1808 1090 1865 fru-

96 1901 238 1962 mentaria
264 1900 391 1977 provisa,
419 1901 534 1961 auxiliis
562 1901 753 1978 equitatuque
787 1914 958 1979 conparato,
989 1903 1089 1963 multis

96 2011 245 2077 praeterea
269 1999 337 2059 viris
368 1998 492 2059 sortibus
522 2001 636 2059 Tolosa
666 2009 697 2059 et
729 2000 878 2071 Narbone,
909 2019 987 2077 quae
1020 2011 1090 2059 sunt

96 2096 228 2157 civitates
242 2095 356 2156 Galliae
370 2093 540 2171 provinciae
554 2095 698 2160 finitimae
713 2095 757 2155 his
769 2095 945 2173 regionibus,
958 2097 1090 2157 nomina-

96 2190 150 2250 tim
164 2188 292 2251 evocatis
306 2189 337 2248 in
351 2189 518 2248 Sontiatum
530 2191 603 2249 fines
616 2189 774 2250 exercitum
784 2190 954 2250 introduxit.
996 2190 1089 2252 Cuius
1099 2209 1136 2246 20

96 2268 227 2345 adventu
241 2281 361 2360 cognito
375 2282 523 2344 Sontiates
537 2284 652 2360 magnis
664 2283 758 2362 copiis
769 2285 879 2345 coactis
889 2285 1087 2361 equitatuque,

97 2400 157 2457 quo
184 2378 342 2457 plurimum
368 2379 515 2454 valebant,
537 2379 569 2439 in
588 2380 692 2440 itinere
713 2400 820 2457 agmen
840 2392 974 2441 nostrum
994 2382 1090 2442 adorti

96 2477 223 2556 primum
237 2485 372 2552 equestre
381 2475 525 2551 proelium
537 2476 756 2549 commiserunt,
769 2476 878 2538 deinde
889 2478 1022 2554 equitatu
1035 2497 1089 2539 suo

96 2561 184 2650 pulso
203 2582 293 2646 atque
313 2569 538 2646 insequentibus
557 2571 663 2631 nostris
684 2571 782 2632 subito
805 2573 957 2648 pedestres
978 2572 1088 2650 copias,

97 2689 170 2746 quas
184 2666 215 2726 in
229 2667 363 2726 convalle
376 2665 407 2726 in
421 2664 534 2726 insidiis
548 2668 786 2739 conlocaverunt,
802 2669 1003 2733 ostenderunt.
1046 2669 1090 2729 Hi
1099 2688 1114 2726 2
1118 2686 1134 2744 5

97 2775 212 2825 nostros
239 2760 379 2822 disiectos
400 2761 496 2822 adorti
523 2761 670 2838 proelium
692 2774 878 2824 renovarunt.
922 2783 968 2824 21.
1010 2767 1086 2843 Pug-

99 2872 200 2922 natum
226 2869 271 2919 est
296 2858 348 2918 diu
375 2869 466 2934 atque
492 2859 604 2932 acriter,
626 2878 696 2918 cum
723 2859 869 2920 Sontiates
893 2860 1090 2937 superioribus

98 2954 225 3017 victoriis
250 2953 316 3015 freti
342 2953 374 3013 in
401 2973 455 3013 sua
487 2953 594 3014 virtute
628 2954 719 3014 totius
751 2955 930 3032 Aquitaniae
962 2959 1089 3017 salutem

98 3051 225 3128 positam
238 3059 384 3126 putarent,
399 3047 491 3108 nostri
504 3060 605 3108 autem
618 3048 691 3124 quid
705 3048 769 3109 sine
783 3049 959 3126 imperatore
977 3061 1007 3110 et
1026 3051 1090 3111 sine

98 3144 216 3220 reliquis
247 3142 412 3221 legionibus
444 3145 668 3204 adulescentulo
699 3145 777 3204 duce
810 3145 925 3204 efficere
957 3157 1138 3223 possentgo
1186 3200 1189 3205 .

99 3238 224 3319 perspici
244 3250 401 3316 cuperent:
428 3249 529 3299 tamen
550 3237 678 3300 confecti
698 3237 868 3300 vulneribus
888 3238 989 3300 hostes
1009 3251 1092 3319 terga

99 3347 219 3397 vertere.
262 3336 396 3410 Quorum
423 3353 531 3410 magno
559 3352 683 3394 numero
706 3332 866 3394 ‘interfecto
897 3334 1022 3397 Crassus
1052 3350 1094 3397 ex

100 3433 202 3494 itinere
210 3432 355 3509 oppidum
363 3430 528 3492 Sontiatum
543 3449 716 3509 oppugnare
724 3430 835 3509 coepit,
853 3426 1128 3525 <1me
