2476 3796
369 213 455 271 LIB.
477 211 524 270 II.
571 210 662 271 CAP.
686 224 813 286 31-35.
1059 223 1098 281 49

92 340 199 401 nostris
227 339 391 415 sectionem
419 338 482 400 eius
510 338 615 416 oppidi
635 336 801 398 universam
826 340 936 399 Caesar
954 334 1097 395 vendidit.

94 436 141 494 Ab
167 434 217 507 eis,
232 432 283 511 qui
304 443 444 507 emerant,
460 431 592 510 capitum
613 450 752 491 numerus
777 431 816 490 ad
836 448 906 490 eum
925 429 1034 488 relatus
1054 439 1100 487 est

95 527 206 588 milium
220 528 434 606 quinquaginta
447 528 542 589 trium.

155 644 202 700 34.
244 625 363 684 Eodem
377 636 514 701 tempore
528 645 546 684 a
560 622 667 684 Publio
677 626 794 695 Crasso,
805 642 894 700 quem
903 641 972 681 curn
982 619 1101 697 legione

95 741 153 781 una
178 719 297 781 miserat
326 720 365 780 ad
386 723 528 792 Venetos,
549 721 701 793 Venellos,
727 721 870 790 Osismos,
899 717 1130 792 Coriosolitas,5

96 817 232 891 Esuvios,
252 817 403 887 Aulercos,
421 816 573 886 Redones
593 826 757 891 quaesunt
777 813 950 874 maritumae
969 813 1101 873 civitates

98 917 315 990 Oceanumque
329 912 485 990 attingunt,
500 912 605 972 certior
618 913 712 972 factus
727 923 771 972 est
786 931 890 972 omnes
905 931 955 972 eas
969 911 1101 971 civitates

97 1012 128 1071 in
142 1011 293 1071 dicionem
306 1021 544 1088 potestatemque
558 1009 663 1087 populi
677 1007 808 1069 Romani
822 1028 886 1069 esse
900 1010 1043 1069 redactas.

159 1125 204 1186 35.
249 1108 308 1168 His
335 1109 422 1168 rebus
442 1106 532 1185 gestis
560 1106 643 1167 omni
664 1106 761 1167 Gallia
784 1119 893 1183 pacata
913 1119 996 1166 tanta
1015 1104 1101 1166 huius

98 1206 168 1266 belli
191 1207 231 1266 ad
252 1205 392 1265 barbaros
413 1202 516 1281 opinio
537 1204 651 1280 perlata
669 1213 722 1275 est,
737 1202 780 1263 uti
798 1205 837 1263 ab
859 1202 901 1263 eis
921 1203 1099 1276 nationibus,
1118 1225 1153 1263 10

98 1323 174 1380 quae
197 1315 277 1363 trans
295 1302 436 1360 Rhenum
455 1301 627 1371 incolerent,
641 1299 825 1361 mitterentur
842 1299 931 1377 legati
944 1301 983 1360 ad
998 1302 1103 1361 Caesa-

98 1420 169 1472 rem,
186 1397 237 1475 qui
251 1417 283 1457 se
297 1397 416 1457 obsides
436 1398 562 1469 daturas,
578 1397 723 1474 imperata
740 1399 866 1457 facturas
884 1396 1099 1474 pollicerentur.

100 1499 183 1572 Quas
202 1493 364 1572 legationes
387 1497 504 1566 Caesar,
519 1494 601 1568 quod
622 1493 655 1552 in
675 1492 792 1554 Italiam
814 1493 1022 1570 Illyricumque
1038 1513 1103 1570 pro-

99 1595 231 1671 perabat,
253 1591 327 1651 inita
350 1590 485 1669 proxima
512 1603 625 1651 aestate
652 1593 692 1651 ad
713 1611 746 1652 se
772 1591 878 1652 reverti
896 1590 987 1652 iussit.
1032 1594 1103 1668 Ipse
1191 1603 1192 1606 ’

99 1691 131 1749 in
153 1693 305 1767 Carnutes,
320 1689 432 1760 Andes
448 1690 591 1760 Turones,
606 1705 742 1765 quaeque
763 1688 895 1749 civitates
916 1688 1102 1767 propinquae
1118 1711 1152 1771 15

100 1788 145 1849 his
159 1788 232 1849 locis
247 1798 336 1859 erant,
350 1785 402 1846 ubi
415 1787 526 1846 bellum
541 1798 678 1863 gesserat,
689 1785 854 1862 legionibus
867 1787 899 1846 in
912 1786 1103 1847 hibernacula

101 1885 237 1948 deductis
252 1884 284 1943 in
304 1883 423 1943 Italiam
442 1885 591 1961 profectus
606 1894 658 1944 est.
702 1886 752 1945 Ob
766 1903 876 1960 easque
889 1903 935 1944 res
950 1903 986 1943 ex
1000 1883 1102 1944 litteris

103 1981 237 2045 Caesaris
250 1981 365 2042 dierum
379 1979 549 2057 quindecim
563 1979 739 2058 supplicatio
750 1982 870 2042 decreta
878 1992 930 2056 est,
942 1983 1024 2059 quod
1033 1993 1103 2044 ante

102 2080 134 2141 id
148 2093 265 2157 tempus
279 2075 387 2138 accidit
400 2075 481 2140 nulli.
