2476 3796
147 190 187 248 26
411 186 480 244 DE
506 182 657 244 BELLO
687 181 882 244 GALLICO

147 316 285 380 ducentis
305 317 345 376 ab
366 334 403 376 eo
424 315 541 374 tumulo
562 310 724 373 constituit.
768 313 847 372 Item
868 309 983 389 equites
1010 310 1153 372 Ariovisti

148 413 211 493 pari
232 413 387 474 intervallo
408 409 612 472 constiterunt.
656 406 831 483 Ariovistus,
846 427 883 468 ex
903 407 988 485 equis
1009 419 1042 468 ut
1064 409 1154 470 collo·

150 521 310 588 querentur
329 520 360 569 et
380 518 495 585 praeter
509 527 541 568 se
554 508 650 567 denos
665 516 699 565 ut
712 506 752 565 ad
765 505 947 583 colloquium
960 506 1152 581 adducerent,

149 606 318 686 postulavit.
361 604 426 668 Ubi
447 624 484 665 eo
502 614 626 665 ventum
648 613 702 677 est,
717 605 829 668 Caesar
848 601 932 663 initio
947 601 1087 662 orationis
1101 621 1155 662 sua

120 704 331 781 5senatusque
366 701 399 762 in
433 721 503 762 eum
537 699 683 760 beneficia
711 699 963 775 commemoravit,
994 701 1078 775 quod
1103 720 1154 760 rex

150 801 315 878 appellatus
329 808 408 860 esset
421 817 440 857 a
454 808 567 872 senatu,
582 796 665 873 quod
675 795 796 871 amicus,
811 795 894 872 quod
902 815 1025 855 munera
1038 793 1155 872 amplis-

151 896 226 956 sime
244 895 336 956 missa
345 917 353 970 ς
384 913 473 971 quarn
494 912 559 953 rem
576 903 607 953 et
626 890 728 970 paucis
747 892 907 968 contigisse
924 903 955 952 et
970 912 1025 969 pro
1039 891 1154 970 magnis

151 991 306 1054 hominum
341 990 444 1052 officiis
472 1009 631 1051 consuesse
659 988 747 1050 tribui
774 990 920 1065 docebat3
962 987 1054 1065 illum,
1085 1009 1154 1050 cum

154 1112 252 1170 neque
279 1092 395 1152 aditum
423 1109 522 1166 neque
550 1107 671 1149 causam
698 1088 872 1166 postulandi
899 1088 1008 1149 iustam
1032 1089 1154 1151 haberet

105 1211 140 1250 10
154 1187 301 1252 beneficio
315 1207 351 1247 ac
371 1184 546 1247 liberalitate
567 1204 622 1244 sua
634 1204 670 1244 ac
685 1195 804 1245 senatus
818 1203 855 1244 ea
869 1183 1002 1262 praemia
1016 1205 1155 1247 consecu-

152 1297 224 1347 tum.
267 1286 407 1345 Docebat
428 1283 527 1358 etiam,
544 1302 634 1358 quarn
647 1294 761 1344 veteres
776 1302 927 1360 quamque
941 1268 1036 1344 iustae
1049 1303 1155 1345 causae

153 1381 379 1445 necessitudinis
393 1380 465 1459 ipsis
480 1400 549 1440 cum
563 1381 678 1441 Aeduis
691 1381 916 1456 intercederent,
936 1401 1012 1459 quae
1027 1394 1156 1444 senatus-

154 1482 290 1541 consulta
303 1478 441 1556 quotiens
455 1496 605 1554 quamque
618 1477 782 1539 honorifica
795 1478 825 1536 in
840 1499 892 1539 eos
907 1481 985 1539 facta
998 1491 1105 1556 essent,
1122 1492 1156 1541 ut

154 1576 237 1637 omni
256 1587 390 1653 tempore
411 1575 502 1637 totius
524 1573 638 1656 Galliae
657 1574 855 1652 principatum
869 1576 968 1637 Aedui
981 1575 1151 1653 tenuissent,

107 1695 140 1755 15
154 1673 233 1750 prius
254 1673 352 1748 etiarn,
370 1690 461 1746 quam
482 1682 613 1731 nostram
633 1671 794 1731 amicitiam
816 1670 1006 1748 appetissent.
1049 1673 1157 1750 Populi

155 1770 286 1829 Romani
305 1770 383 1828 hanc
403 1788 469 1829 esse
490 1768 746 1845 consuetudinem,
763 1780 797 1829 ut
818 1769 915 1832 socios
935 1781 1026 1847 atque
1045 1771 1156 1832 amicos

155 1884 217 1924 non
235 1864 328 1936 modo
347 1863 393 1923 sui
410 1863 484 1923 nihil
498 1865 668 1941 deperdere,
687 1865 741 1925 sed
754 1865 854 1943 gratia,
873 1866 1024 1943 dignitate,
1042 1868 1156 1928 honore

155 1961 300 2022 auctiores
332 1961 404 2022 velit
438 1982 524 2022 esse:
566 1963 648 2039 quod
679 1982 751 2024 vero
785 1964 825 2023 ad
858 1961 1020 2024 amicitiam
1053 1964 1156 2041 populi

156 2060 288 2121 Romani
301 2056 476 2135 attulissent,
495 2057 583 2120 ideis
598 2057 672 2136 eripi
686 2059 752 2136 quis
766 2060 829 2137 pati
843 2065 968 2137 posset?
994 2060 1157 2122 Postulavit

107 2177 144 2216 20
156 2157 266 2219 deinde
286 2158 400 2233 eadem,
426 2176 503 2233 quae
523 2155 626 2233 legatis
647 2154 679 2215 in
699 2156 847 2216 mandatis
875 2157 1006 2233 dederat,
1038 2175 1077 2216 ne
1104 2169 1157 2218 aut

156 2253 269 2314 Aeduis
289 2264 340 2312 aut
354 2272 456 2312 eorum
474 2252 562 2313 sociis
575 2253 689 2314 bellurn
703 2250 823 2312 inferret
831 2275 840 2328 ;
864 2252 984 2312 obsides
998 2254 1134 2314 redderet
1146 2279 1155 2330 3

157 2351 182 2413 si
195 2351 307 2410 nullam
326 2360 440 2426 partem
461 2352 678 2410 Germanorum
695 2351 821 2409 domum
839 2350 987 2410 remittere
1001 2363 1111 2428 posset,
1127 2366 1157 2413 at

156 2465 196 2506 ne
211 2464 286 2522 quos
300 2443 427 2520 amplius
441 2446 584 2505 Rhenum
601 2442 723 2504 transire
738 2456 893 2521 pateretur.
937 2465 985 2518 44.
1028 2447 1157 2510 Ariovis-

156 2551 205 2601 tus
219 2542 258 2601 ad
272 2543 421 2618 postulata
439 2540 574 2602 Caesaris
588 2560 685 2617 pauca
695 2540 856 2617 respondit,
873 2542 911 2601 de
926 2543 986 2602 suis
1000 2541 1157 2606 virtutibus

108 2665 122 2702 2
127 2660 142 2720 5
156 2639 251 2697 multa
264 2635 464 2714 praedicavit:
491 2636 646 2696 Transisse
660 2639 803 2697 Rhenum
817 2656 883 2698 sese
896 2658 959 2698 non
973 2659 1027 2698 sua
1041 2654 1155 2717 sponte,

156 2735 210 2795 sed
230 2744 366 2811 rogatum
387 2744 417 2793 et
437 2733 609 2793 arcessitum
629 2753 649 2792 a
669 2733 762 2793 Gallis
773 2755 782 2808 3
808 2754 870 2794 non
892 2734 956 2795 sine
976 2756 1085 2814 magna
1105 2760 1158 2818 spe

156 2830 331 2908 magnisque
344 2830 482 2908 praemiis
496 2832 621 2890 domurn
635 2831 878 2910 propinquosque
887 2833 1055 2909 reliquisse:
1071 2839 1158 2898 sedes

156 2931 266 2990 habere
284 2929 316 2988 in
334 2929 430 2989 Gallia
450 2930 488 2988 ab
509 2927 580 3005 ipsis
595 2947 760 3002 concessas,
777 2930 896 2990 obsides
910 2931 1042 3008 ipsorum
1056 2936 1159 2994 volun-

157 3036 217 3090 tate
245 3026 349 3101 datos,
386 3023 568 3101 stipendium
592 3043 698 3101 capere
725 3025 787 3084 iure
814 3026 894 3100 belli,
923 3027 1006 3103 quod
1032 3028 1158 3091 victores

107 3146 145 3201 30
156 3119 242 3181 victis
262 3120 416 3196 imponere
437 3119 616 3180 consuerint
661 3122 732 3179 Non
753 3139 818 3180 sese
842 3122 943 3194 Gallis,
972 3124 1026 3183 sed
1055 3127 1158 3187 Gallos

159 3219 214 3288 sibl
233 3220 345 3278 bellurn
364 3219 518 3279 intulisse:
548 3237 652 3278 omnes
670 3218 784 3292 Galliae
798 3218 932 3280 civitates
945 3223 985 3282 ad
999 3242 1031 3282 se
1046 3242 1159 3301 oppug-

157 3316 291 3376 nandum
311 3315 427 3375 venisse
447 3334 483 3373 ac
504 3325 607 3373 contra
628 3335 660 3374 se
681 3325 776 3374 castra
795 3315 935 3376 habuisse
944 3340 953 3391 ;
983 3337 1032 3377 eas
1054 3338 1159 3381 omnes

146 3411 255 3482 copras
280 3430 299 3468 a
335 3429 371 3470 se
405 3429 467 3469 uno
499 3409 613 3486 proelio
641 3411 740 3485 pulsas
768 3428 804 3468 ac
832 3422 983 3487 superatas
1011 3430 1084 3473 esse.
1128 3415 1158 3475 Si
