2476 3796
1014 40 1056 108 N

1054 110 1086 179 N

383 221 469 280 rra.
489 222 536 280 rx
585 221 674 281 cna
701 237 787 298 2—5.
1062 196 1115 300 3?

1115 244 1182 381 χ

103 369 155 411 eos
176 349 265 410 fuisse
286 368 386 426 regem
407 360 508 410 nostra
530 348 620 410 etiarn
642 349 786 410 memoria
805 350 996 425 Divitiacum,
1012 352 1101 413 totius

102 446 217 507 Galliae
253 444 502 523 potentissimum,
530 445 581 523 qui
616 466 685 506 cum
719 467 845 525 magnae
877 449 968 525 partis
995 451 1101 509 harum

99 544 263 622 regionum,
279 555 343 604 tum
362 543 452 613 etiarn
466 543 634 604 Britanniae
648 544 805 622 imperium
820 545 998 607 obtinuerit:
1019 567 1100 606 nunc

101 658 166 699 esse
178 659 278 716 regem
293 641 438 699 Galbam:
458 640 592 699 adhunc
606 650 726 716 propter
740 640 881 700 iustitiam
900 641 1100 717 prudentiam-

100 756 159 812 que
192 755 340 796 summam
381 735 471 795 totius
505 734 576 797 belli
611 735 745 794 omnium
783 739 938 797 voluntate
973 737 1097 813 deferri3
1133 754 1149 814 5

99 831 212 908 oppida
233 833 347 892 habere
375 850 499 890 numero
527 848 584 903 ΧΗ,
608 831 741 908 polliceri
769 832 851 892 milia
878 844 990 892 armata
1017 833 1099 910 quin-

98 929 257 1005 quaginta3
285 928 411 988 totidem
440 926 576 1000 Nervios
602 927 653 1003 qui
681 926 809 988 maxime
836 928 889 988 feri
915 927 991 989 inter
1017 930 1098 1007 ipsos

97 1022 263 1082 habeantur
284 1018 515 1098 longissimeque
536 1019 634 1079 absint
643 1041 652 1094 3
674 1038 715 1079 xv
734 1019 815 1079 milia
832 1022 1007 1082 Atrebates:
1027 1025 1097 1082 Am-

98 1117 202 1178 bianos
225 1135 249 1176 x
270 1116 359 1188 milia,
384 1115 519 1176 Morinos
540 1134 604 1176 xxv
625 1115 725 1176 milia:
755 1117 914 1192 Menapios
936 1135 979 1176 vrr
1007 1118 1095 1193 milia,

98 1216 218 1276 Caletos
248 1232 272 1274 x
303 1213 391 1287 milia,
420 1213 607 1274 Veliocasses
642 1225 672 1274 et
706 1213 925 1273 Viromanduos
960 1215 1094 1289 totidem,
1112 1213 1161 1274 10¹

95 1314 271 1374 Aduatucos
294 1328 388 1371 xv1111
410 1311 510 1385 milia;
531 1313 712 1386 Condrusos,
735 1314 900 1384 Eburones,
921 1313 1094 1385 CaeroesoS,

96 1411 271 1483 Paemanos,
293 1407 344 1485 qui
365 1427 425 1467 uno
446 1407 568 1469 nomine
590 1407 731 1468 Germani
751 1409 944 1485 appellantur,
964 1408 1095 1468 arbitrari

94 1508 134 1567 ad
148 1526 190 1567 xa
203 1507 291 1566 milia.
310 1490 348 1583 ,s

156 1619 183 1679 5.
226 1596 336 1663 Caes'ar
364 1604 477 1662 Remos
505 1603 676 1663 cohortatus
710 1601 926 1681 liberaliterque
960 1603 1093 1665 oratione

92 1710 268 1775 prosecutus
291 1718 412 1758 omnem
434 1709 570 1758 senatum
590 1699 630 1758 ad
649 1718 681 1758 se
696 1697 855 1758 convenire
868 1698 1092 1777 principumque
1108 1723 1141 1781 15

92 1782 345 1857 liberos'obsides
369 1795 408 1854 ad
431 1814 463 1854 se
485 1793 594 1854 adduci
615 1794 706 1855 iussit.
759 1796 845 1869 Quae
866 1796 967 1856 omnia
987 1800 1025 1857 ab
1046 1799 1091 1858 his

92 1891 249 1969 diligenter
272 1892 311 1951 ad
335 1890 415 1950 diem
433 1892 511 1950 facta
534 1900 610 1950 sunt.
655 1893 726 1968 Ipse
750 1890 929 1952 Divitiacum
950 1897 1090 1955 Aeduum

91 2009 201 2067 magno
224 2008 313 2066 opere
336 1990 507 2048 cohortatus
529 1989 625 2062 docet,
648 2000 761 2066 quanto
782 2009 871 2067 opere
891 1991 934 2052 rei
954 1992 1090 2068 publicae

90 2084 316 2161 communisque
340 2083 441 2144 salutis
466 2082 580 2144 intersit
603 2104 709 2144 manus
731 2085 863 2144 hostium
885 2086 1025 2161 distineri,
1050 2109 1088 2149 ne
1144 2137 1148 2154 ,

89 2202 160 2243 curn
181 2193 263 2243 tanta
282 2180 471 2241 multitudine
492 2200 553 2241 uno
574 2192 709 2258 tempore
729 2181 948 2260 confligendum
963 2184 1007 2244 sit.
1051 2189 1088 2246 Id
1103 2205 1140 2243 20

88 2279 152 2338 fieri
178 2297 275 2356 posse,
303 2277 328 2336 si
355 2296 423 2337 suas
451 2275 552 2354 copias
579 2276 678 2336 Aedui
705 2276 737 2335 in
763 2278 836 2338 fines
864 2280 1089 2340 Bellovacorum

88 2373 304 2435 introduxerint
332 2384 361 2433 et
389 2393 492 2433 eorum
522 2393 608 2450 agros
643 2372 777 2450 populari
812 2374 971 2453 coeperint.
1028 2377 1087 2437 His

87 2471 234 2531 mandatis
258 2490 326 2530 eum
349 2470 386 2529 ab
408 2489 439 2529 se
462 2469 590 2529 dimittit.
633 2473 796 2547 Postquam
812 2490 916 2531 omnes
931 2474 1086 2550 Belgarum

87 2567 188 2646 copias
215 2567 247 2626 in
272 2586 364 2626 unum
392 2569 491 2625 locum
514 2578 632 2626 coactas
655 2567 694 2626 ad
716 2587 748 2627 se
769 2567 869 2627 venire
892 2568 966 2628 vidit
988 2589 1086 2646 neque

86 2666 146 2726 iam
168 2668 256 2742 longe
281 2666 385 2725 abesse
409 2665 447 2723 ab
471 2663 521 2736 eia
547 2683 624 2740 quos
648 2663 774 2737 miserat,
801 2666 1033 2740 exploratoribus
1056 2680 1085 2728 et
1099 2690 1133 2750 25

85 2766 123 2825 ab
146 2764 249 2825 Remis
271 2761 418 2840 cognovit,
432 2763 543 2823 flumen
562 2766 709 2834 Axonam,
726 2765 808 2840 quod
831 2774 875 2824 est
895 2763 926 2821 in
947 2766 1083 2826 extremis

85 2863 250 2920 Remorum
278 2859 396 2931 finibus,
425 2857 586 2918 exercitum
617 2860 771 2919 traducere
806 2862 962 2923 maturavit
994 2876 1083 2942 atque

84 2959 125 3020 ibi
145 2970 240 3020 castra
258 2957 366 3036 posuit.
410 2959 496 3032 Quae
517 2978 564 3018 res
587 2969 617 3017 et
635 2959 712 3017 latus
731 2979 824 3018 unum
839 2971 999 3020 castrorum
1013 2963 1082 3040 ripis

84 3056 212 3117 fluminis
247 3055 399 3115 muniebat
433 3065 471 3129 et,
502 3065 571 3131 post
605 3074 675 3114 eum
708 3075 785 3131 quae
818 3067 924 3128 essent,
953 3068 1017 3117 tuta
1044 3062 1081 3120 ab

82 3152 216 3214 hostibus
250 3153 396 3212 reddebat
425 3162 463 3224 et,
494 3160 677 3210 commeatus
705 3152 744 3210 ab
772 3151 875 3210 Remis
903 3152 1080 3230 reliquisque
1095 3173 1133 3230 30

82 3246 249 3308 civitatibus
269 3257 302 3306 ut
322 3246 385 3307 sine
405 3246 537 3323 periculo
558 3246 597 3305 ad
618 3265 687 3305 eum
708 3245 817 3322 portari
830 3258 961 3323 possent,
977 3249 1082 3310 efficie·

81 3346 141 3406 bat.
184 3347 222 3403 In
248 3363 286 3404 eo
313 3343 434 3404 flumine
462 3362 537 3419 pons
563 3353 634 3404 erat.
677 3341 725 3403 Ibi
745 3343 924 3419 praesidium
945 3345 1030 3421 ponit
1051 3359 1080 3408 et

81 3439 114 3500 in
126 3440 217 3499 altera
230 3449 313 3515 parte
326 3437 455 3497 fluminis
470 3437 615 3513 Quintum
629 3436 778 3498 Titurium
793 3438 940 3498 Sabinum
949 3441 1091 3512 legatum
