2476 3796
388 747 533 812 LIBER
565 748 831 813 SECUNDUS.

167 1077 191 1115 1.
235 1057 310 1118 Cun
333 1066 410 1115 esset
430 1057 539 1117 Caesar
557 1053 589 1114 in
610 1054 744 1116 citeriore
762 1054 868 1128 Gallia,
887 1054 929 1116 ita
952 1054 995 1120 uti
1017 1076 1105 1135 supra

103 1152 381 1226 demonstravimus,
394 1151 487 1211 crebri
496 1153 535 1212 ad
544 1171 614 1212 eurn
623 1171 755 1212 rumores
770 1153 975 1227 afferebantur,
991 1153 1105 1214 litteris-

103 1268 163 1326 que
176 1249 248 1311 item
263 1249 388 1310 Labieni
402 1249 508 1309 certior
522 1250 612 1309 fiebat
626 1268 730 1309 omnes
751 1251 865 1326 Belgas,
881 1270 971 1327 quam
988 1250 1104 1311 tertiam

102 1365 167 1407 esse
182 1346 297 1407 Galliae
315 1357 429 1423 partem
450 1345 626 1420 dixeramus,
642 1357 746 1406 contra
764 1347 910 1424 populum
931 1349 1104 1408 Romanum

102 1443 255 1506 coniurare
277 1444 456 1521 obsidesque
480 1443 556 1504 inter
580 1463 612 1504 se
636 1445 713 1504 dare.
758 1443 943 1506 Coniurandi
963 1446 1016 1504 has
1039 1464 1104 1506 esse
1137 1472 1152 1532 5

102 1561 223 1601 causas:
244 1541 381 1618 primum,
397 1541 480 1617 quod
493 1551 671 1615 vererentur,
686 1561 726 1602 ne
740 1541 823 1601 omni
836 1552 942 1620 pacata
956 1541 1052 1601 Gallia
1066 1544 1105 1603 ad

102 1658 154 1700 eos
175 1639 320 1699 exercitus
343 1649 444 1698 noster
465 1639 681 1715 adduceretur3
710 1638 829 1712 deinde,
852 1640 934 1716 quod
962 1640 1000 1699 ab
1029 1659 1104 1699 non-

101 1726 189 1796 nullis
204 1735 296 1796 Gallis
311 1734 545 1808 sollicitarentur,
561 1733 669 1811 partim
683 1734 742 1811 qui,
759 1745 793 1794 ut
807 1735 973 1795 Germanos
995 1735 1105 1795 diutius

101 1829 132 1889 in
160 1829 257 1890 Gallia
276 1829 384 1891 versari
406 1830 571 1903 noluerant,
593 1830 634 1890 ita
661 1830 764 1907 populi
789 1830 921 1890 Romani
944 1831 1104 1891 exercitum

99 1926 230 1990 hiemare
259 1940 349 2006 atque
376 1927 590 1988 inveterascere
617 1928 649 1986 in
680 1927 777 1987 Gallia
805 1928 931 1987 moleste
962 1929 1103 2002 ferebant,
1121 1958 1157 1996 10

99 2028 206 2106 partim
240 2027 292 2105 qui
322 2026 487 2087 mobilitate
518 2038 547 2087 et
575 2025 696 2086 levitate
728 2024 820 2084 animi
854 2024 940 2085 novis
974 2024 1105 2102 imperiis

100 2127 267 2201 studebant,
280 2126 318 2185 ab
332 2124 484 2185 nonnullis
500 2125 599 2198 etiam,
612 2124 695 2201 quod
709 2122 740 2181 in
750 2122 875 2183 Galliaa
889 2122 1105 2199 potentioribus

99 2235 189 2300 atque
203 2223 253 2296 eis
269 2223 321 2299 qui
339 2223 378 2282 ad
395 2223 607 2282 conducendos
626 2220 763 2281 homines
777 2223 931 2281 facultates
945 2222 1105 2292 habebant,

98 2322 186 2398 volgo
200 2339 290 2397 regna
304 2321 534 2396 occupabantur,
545 2318 598 2396 qui
610 2318 709 2378 minus
723 2317 808 2377 facile
823 2338 889 2378 eam
903 2339 966 2378 rern
980 2319 1105 2397 imperio

99 2427 201 2478 nostro
222 2415 364 2492 consequi
384 2426 529 2492 poterant.
574 2437 600 2474 2.
644 2414 704 2475 His
723 2414 834 2475 nuntiis
848 2415 1012 2492 litterisque
1026 2437 1106 2478 com·
1121 2443 1155 2504 15

98 2526 197 2576 motus
220 2517 329 2576 Caesar
349 2513 422 2573 duas
443 2513 574 2591 legiones
595 2513 626 2572 in
649 2512 783 2573 citeriore
804 2514 902 2574 Gallia
922 2533 1015 2574 novas
1036 2534 1106 2576 con·

98 2612 213 2689 scripsit
228 2622 258 2671 et
272 2610 345 2669 inita
360 2622 479 2684 aestate,
496 2610 526 2669 in
541 2610 710 2671 interiorem
725 2609 853 2670 Galliam
868 2610 919 2686 qui
934 2612 1103 2685 deduceret,

99 2710 242 2786 Quintum
266 2707 392 2767 Pedium
407 2709 536 2784 legatum
550 2706 639 2767 misit.
683 2710 762 2784 Ipse,
778 2707 988 2784 cumprimum
1002 2709 1105 2785 pabuli

51 2823 70 2847 ·
98 2807 185 2884 copia
206 2825 270 2866 esse
298 2805 450 2881 inciperet,
473 2805 512 2864 ad
541 2803 702 2865 exercitum
729 2802 817 2864 venit
862 2807 924 2864 Dat
951 2805 1104 2882 negotium

98 2904 266 2965 Senonibus
289 2902 469 2980 reliquisque
493 2903 596 2975 Gallis,
618 2901 669 2979 qui
691 2900 808 2961 finitimi
829 2901 927 2980 Belgis
948 2915 1039 2977 erant,
1061 2903 1105 2964 uti
1120 2926 1157 2964 20

98 3021 142 3075 ea,
171 3021 248 3078 quae
275 3002 357 3077 apud
386 3019 437 3060 eos
464 3010 611 3076 gerantur,
641 3009 824 3074 cognoscant
858 3018 950 3075 seque
985 3000 1024 3060 de
1057 3000 1103 3062 his

97 3099 184 3158 rebus
198 3096 354 3157 certiorem
369 3097 486 3155 faciant.
531 3093 575 3154 Hi
590 3104 761 3154 constanter
771 3113 877 3153 omnes
891 3094 1103 3157 nuntiaverunt

97 3213 202 3253 manus
222 3192 297 3269 cogi,
314 3192 473 3252 exercitum
487 3190 518 3250 in
532 3209 626 3251 unum
640 3191 741 3250 locum
755 3189 893 3251 conduci.
936 3193 1016 3251 Turn
1031 3213 1102 3253 vero

97 3291 295 3351 dubitandum
315 3307 378 3348 non
399 3287 584 3361 existimavit,
610 3285 683 3363 quin
710 3286 749 3346 ad
769 3305 829 3346 ,eos
856 3287 1099 3364 proficisceretur.

96 3391 144 3449 Re
163 3386 351 3446 frumentaria
371 3394 542 3461 comparata
563 3395 659 3443 castra
679 3392 782 3444 moret
801 3383 975 3458 diebusope
990 3385 1114 3440 clx-reses
1126 3399 1176 3449 ἰχ
