2476 3796
392 214 478 273 ΠΒ.
501 213 527 272 J.
575 212 665 272 CAP.
696 227 820 286 10—13.
1090 224 1105 282 7

173 361 217 402 12.
260 342 387 401 Flumen
415 351 470 400 est¹
486 342 569 412 Arar,
598 340 682 415 quod
705 358 758 416 per
781 340 855 398 fines
882 339 1056 397 Aeduorum
1076 346 1107 397 et

110 440 313 516 Sequanorum
335 437 367 496 in
395 438 576 496 Rbodanum
597 435 701 508 influit,
724 433 889 495 incredibili
916 433 1044 505 lenitate,
1066 431 1108 492 ita

109 546 142 595 ut
164 534 265 608 oculis,
289 534 320 593 in
341 545 437 593 utram
459 545 573 612 partem
596 535 677 608 fluat,
692 532 815 594 iudicari
838 552 900 592 non
923 533 1024 609 possit.
1068 535 1107 593 Id

109 633 242 694 Helvetii
261 633 372 694 ratibus
394 653 428 692 ac
455 633 590 693 lintribus
618 632 726 693 iunctis
753 631 924 692 transibant.
969 631 1032 693 Ubi
1054 652 1107 708 per

108 733 304 808 exploratores
319 734 429 792 Caesar
439 730 545 790 certior
558 732 651 790 factus
661 740 705 790 est
715 740 774 790 tres
782 728 841 788 iam
850 740 946 806 partes
955 729 1106 806 copiamm
1140 738 1155 798 5

109 827 264 888 Helvetios
286 827 318 886 id
340 829 451 887 flumen
473 826 644 899 traduxisse,
668 836 802 903 quartam
820 827 879 886 sere
901 838 1014 903 partem
1034 825 1107 885 citra

107 923 218 985 flumen
232 924 347 985 Ararim
361 924 504 999 reliquam
518 943 590 995 esse,
601 924 639 983 de
648 923 733 984 tertia
746 921 845 1000 vigilia
857 942 927 982 cum
941 921 1106 999 legionibus

106 1020 199 1081 tribus
226 1040 243 1081 e
271 1020 372 1080 castris
399 1023 548 1097 profectus
571 1021 610 1080 ad
634 1040 701 1080 eam
728 1031 840 1096 partem
864 1019 1005 1096 pervenit,
1029 1039 1106 1096 quae

106 1119 241 1178 nondum
265 1121 376 1178 flumen
400 1119 564 1179 transierat-
603 1122 664 1178 Eos
686 1117 845 1195 impeditos
865 1128 895 1177 et
919 1117 1106 1193 inopinantes

54 1263 57 1269 .
106 1235 258 1293 aggressus
286 1236 424 1293 magnam
450 1228 565 1293 partem
593 1235 696 1276 eorum
722 1214 874 1275 concidit:
909 1214 1014 1290 reliqui
1041 1233 1105 1274 sese
1121 1233 1156 1271 10

105 1314 191 1390 fugae
213 1314 391 1373 mandarunt
413 1313 503 1389 atque
519 1313 550 1372 in
567 1313 715 1390 proximas
734 1311 821 1372 silvas
845 1311 1029 1371 abdiderunt.
1074 1314 1105 1370 Is

45 1466 49 1472 .
105 1423 198 1485 pagus
213 1410 416 1486 appellabatur
429 1409 606 1488 Tigurinus:
635 1430 705 1468 nam
724 1408 821 1469 omnis
841 1407 943 1467 civitas
966 1407 1105 1467 Helvetia

105 1503 136 1562 in
159 1516 298 1581 quattuor
313 1524 405 1581 pagos
422 1504 515 1565 divisa
531 1515 605 1565 est.r
628 1505 690 1564 Hic
712 1524 803 1582 pagus
826 1524 911 1577 unus,
926 1524 995 1563 cum
1012 1505 1104 1565 domo

105 1600 213 1661 exisset
234 1612 350 1679 patrum
372 1613 539 1661 nostrorum
561 1601 711 1674 memoria,
738 1603 771 1660 L.
797 1601 933 1661 Cassium
951 1603 1103 1660 consulem

65 1690 69 1699 ’
104 1695 288 1756 interfecerat
309 1707 339 1755 et
358 1697 421 1756 eius
440 1696 600 1756 exercitum
621 1696 676 1756 sub
692 1695 795 1772 iugum
812 1697 938 1756 miserat.
982 1699 1029 1756 Ita
1043 1697 1103 1758 sive
1119 1712 1153 1772 15

104 1808 174 1848 casu
196 1776 258 1848 sive
280 1788 403 1864 consilio
425 1790 548 1848 deorum
573 1788 782 1860 inmortalium,
798 1808 875 1865 quae
893 1808 960 1865 pars
979 1788 1104 1849 civitatis

105 1884 262 1944 Helvetiae
286 1882 430 1961 insignem
452 1884 649 1943 calamitatem
665 1885 777 1961 populo
798 1886 937 1943 Romano
956 1883 1103 1956 intulerat,

104 2000 140 2041 ea
152 1980 288 2058 princeps
302 1977 414 2056 p'oenas
428 1980 575 2057 persolvit.
620 1981 689 2054 Qua
701 1980 731 2038 in
746 1999 777 2039 re
797 1981 907 2040 Caesar
924 2000 985 2039 non
1006 1983 1103 2068 solum

103 2076 243 2154 publicas,
269 2078 323 2137 sed
351 2076 439 2135 etiam
462 2076 589 2154 privatas
611 2075 730 2136 iniurias
755 2078 834 2136 ultus
857 2087 909 2148 est,
933 2077 1015 2152 quod
1040 2076 1103 2136 eius

103 2173 197 2234 soceri
212 2176 244 2233 L.
258 2173 374 2233 Pisonis
382 2183 481 2248 avum,
491 2177 525 2234 L.
541 2174 681 2234 Pisonem
695 2175 833 2250 legatum,
846 2173 980 2250 Tigurini
994 2174 1102 2234 eodem
1117 2196 1153 2234 20

101 2270 223 2347 proelio,
239 2291 299 2348 quo
314 2272 460 2346 Cassium,
476 2272 689 2333 interfecerant.

165 2389 209 2444 13.
253 2372 325 2429 Hoc
345 2370 458 2447 proelio
480 2372 557 2431 facto
576 2370 702 2447 reliquas
721 2370 822 2446 copias
841 2369 1048 2430 Helvetiorum
1069 2381 1102 2429 ut

101 2464 244 2541 consequi
257 2476 366 2541 posset,
381 2477 504 2543 pontem
518 2466 549 2526 in
563 2469 654 2526 Arare
674 2466 842 2527 faciendum
857 2476 938 2526 curat
952 2477 1041 2542 atque
1060 2465 1101 2525 ita

102 2559 263 2620 exercitum
277 2562 411 2622 traducit
456 2563 588 2623 Helvetii
610 2562 764 2640 repentino
784 2563 847 2622 eius
869 2565 999 2621 adventu
1021 2581 1101 2621 com-

101 2657 182 2731 moti,
195 2677 264 2716 cum
277 2657 317 2732 id,
328 2660 410 2735 quod
424 2659 480 2736 ipsi
494 2660 598 2719 diebus
612 2658 714 2736 viginti
728 2659 887 2735 aegerrime
902 2660 1098 2732 confecerant,
1115 2678 1130 2715 2
1134 2676 1149 2734 5

100 2764 133 2814 ut
160 2757 271 2816 flumen
293 2758 458 2831 transirent,
486 2757 570 2817 illum
594 2777 655 2816 uno
680 2757 730 2817 die
757 2755 859 2817 fecisse
887 2755 1096 2830 intellegerent,
1152 2808 1156 2817 .

99 2857 211 2932 legatos
229 2856 268 2915 ad
289 2875 358 2915 eum
380 2856 519 2930 mittunt;
546 2855 629 2915 cuius
652 2853 807 2932 legationis
832 2852 938 2912 Divico
961 2851 1098 2929 princeps

99 2950 161 3024 suit,
188 2949 239 3026 qui
261 2951 339 3011 bello
365 2952 507 3012 Cassiano
531 2953 591 3011 dux
619 2949 827 3011 Helvetiorum
854 2950 955 3007 fuerat.
1000 2950 1030 3007 Is
1058 2948 1099 3007 ita

99 3066 168 3107 cum
178 3048 304 3107 Caesare
315 3047 388 3123 egit:
411 3049 440 3108 Si
452 3068 557 3125 pacem
567 3051 695 3125 populus
707 3050 862 3107 Romanus
874 3065 940 3104 cum
951 3046 1098 3105 Helvetiis

99 3144 215 3216 faceret,
237 3144 269 3201 iu
290 3163 357 3203 eam
377 3155 491 3221 partem
509 3144 600 3204 ituros
623 3155 712 3220 atque
734 3142 775 3202 ibi
795 3144 907 3201 futuros
931 3142 1095 3214 Helvetios,
1112 3167 1149 3222 30

98 3238 151 3298 ubi
164 3258 216 3298 eos
235 3241 346 3300 Caesar
360 3241 559 3301 constituisset
573 3252 662 3318 atque
683 3259 746 3300 esse
762 3239 903 3299 voluisset
917 3260 923 3306 ;
953 3237 999 3298 sin
1018 3238 1096 3299 bello

98 3334 235 3411 persequi
255 3349 461 3412 perseveraret,
477 3337 711 3398 reminisceretur
732 3345 762 3395 et
783 3334 888 3395 veteris
913 3333 1097 3395 incommodi

97 3431 200 3508 populi
222 3432 353 3493 Romani
382 3443 411 3494 et
438 3434 577 3511 pristinae
601 3432 714 3494 virtutis
744 3432 959 3494 Helvetiorum.
1004 3433 1096 3507 Quod
