2476 3796
137 241 178 298 44
400 224 469 284 on
496 222 648 284 narro
676 193 873 285 erarico
939 182 941 184 ¹

136 352 237 409 locum
258 347 393 426 iniquum
413 348 561 428 progressi
581 369 679 410 rursus
702 349 871 411 resistentes
893 352 995 412 hostes
1019 351 1144 414 redinte·

136 459 228 525 grato,
248 447 363 524 proelio
389 446 421 507 in
447 449 548 525 fugam
575 447 773 508 coniecerunt.
816 453 894 510 Item
919 449 976 510 alia
1002 449 1034 510 in
1060 464 1144 529 parte

139 547 272 607 diversae
307 548 385 607 duae
411 546 554 624 legiones,
582 546 743 607 undecima
773 558 804 607 et
835 560 949 621 octava,
980 549 1143 627 profligatis

138 643 357 716 Viromanduis,
373 643 549 719 quibuscum
571 656 655 705 eraut
675 643 832 722 congressi,
848 666 885 706 ex
906 647 974 706 loco
993 647 1145 724 superiore

109 741 170 826 5in
185 742 257 820 ipsis
278 741 406 801 fluminis
427 741 497 819 ripis
519 742 747 820 proeliabantur.
789 746 831 803 At
851 743 920 804 totis
937 746 998 805 fere
1018 746 1145 805 afronte

139 852 170 901 et
194 841 232 900 ab
255 839 372 901 sinistra
393 853 477 917 parte
501 839 622 901 nudatis
647 840 757 914 castris,
778 860 847 900 cum
870 841 902 900 in
926 844 1030 902 dextro
1052 862 1145 902 cornu

137 936 216 1015 legio
241 937 420 998 duodecima
444 949 474 997 et
495 957 557 998 non
577 957 687 1015 magno
711 938 749 998 ab
773 958 809 998 ea
835 938 990 999 intervallo
1018 939 1146 1016 septima

139 1036 328 1113 constitisset,
345 1057 450 1097 omnes
466 1036 568 1097 Nervii
582 1036 798 1098 confertissimo
812 1037 931 1114 agmine
942 1039 1019 1097 duee
1028 1039 1146 1097 Boduo-

139 1147 239 1212 gnato,
255 1135 306 1212 qui
324 1153 472 1196 summam
485 1133 747 1212 imperii‘tenebat,
762 1137 802 1195 ad
822 1154 890 1194 eum
904 1137 1005 1195 locum
1026 1147 1146 1195 conten-

92 1234 248 1296 10·derunt
260 1255 269 1308 3
295 1252 422 1309 quorum
444 1253 512 1310 pars
534 1244 639 1310 aperto
659 1235 751 1294 latere
774 1234 906 1311 legiones
927 1233 1145 1307 circumvenire,

140 1353 209 1411 pars
229 1352 378 1393 summum
392 1343 553 1391 castrorum
563 1334 663 1391 locum
673 1343 775 1409 petere
786 1332 894 1409 coepit.
939 1351 985 1405 ²4·
1029 1335 1146 1393 Eodem

141 1442 277 1509 tempore
300 1432 414 1508 equites
431 1429 523 1490 nostri
539 1430 670 1508 levisque
691 1441 855 1490 armaturae
874 1430 999 1509 pedites,
1015 1431 1147 1508 quicum

140 1530 184 1591 eis
204 1550 264 1589 una
284 1531 406 1602 fuerant,
430 1548 506 1604 quos
527 1527 624 1605 primo
645 1528 777 1588 hostium
798 1528 911 1605 impetu
940 1532 1042 1606 pulsos
1070 1528 1148 1588 dixe-

142 1651 214 1702 ram,
230 1650 298 1689 cum
318 1648 350 1688 se
369 1627 401 1687 in
418 1638 513 1687 castra
529 1626 702 1705 reciperent,
718 1627 848 1688 adversis
866 1628 1000 1687 hostibus
1019 1639 1149 1688 occurre-

96 1755 129 1815 15
143 1731 217 1788 bant
230 1747 266 1787 ac
280 1747 377 1786 rursus
397 1726 486 1786 aliam
505 1725 536 1785 in
550 1737 665 1802 partem
679 1729 781 1802 fugam
801 1729 954 1803 petebant,
970 1737 1000 1786 et
1019 1728 1147 1796 calones,

144 1825 195 1904 qui
223 1827 261 1885 ab
295 1827 462 1885 decumana
489 1835 576 1901 porta
605 1844 641 1884 ac
668 1843 786 1884 summo
818 1822 887 1900 iugo
921 1823 1004 1884 collis
1033 1836 1149 1884 nostros

142 1925 270 1985 victores
297 1925 409 1984 flumen
436 1923 574 1984 transisse
606 1934 831 2000 conspexerant,
861 1922 1026 2000 praedandi
1061 1944 1150 1983 causa

145 2020 262 2098 egressi,
279 2041 347 2081 cum
361 2020 559 2098 respexissent
578 2032 608 2081 et
624 2022 724 2080 hostes
743 2020 775 2080 in
793 2021 900 2080 nostris
920 2021 1022 2080 eastris
1042 2021 1150 2081 versari

144 2120 296 2192 vidissent,
312 2119 489 2197 praecipites
503 2121 590 2196 fugae
605 2139 670 2180 sese
690 2120 882 2180 mandabant.
925 2121 1017 2180 Simul
1037 2140 1148 2196 eorum,

96 2239 134 2278 20
147 2218 198 2296 qui
212 2239 280 2277 cum
293 2216 515 2294 impedimentis
525 2218 694 2292 veniebant,
710 2220 822 2278 clamor
834 2218 1027 2296 fremitusque
1041 2219 1151 2280 orieba-

147 2330 202 2392 tur,
221 2317 329 2393 aliique
352 2316 441 2375 aliam
461 2315 493 2374 in
517 2328 633 2392 partem
651 2315 796 2392 perterriti
817 2318 992 2376 ferebantur.
1036 2318 1152 2392 Quibus

148 2415 287 2477 omnibus
301 2416 387 2475 rebus
402 2414 530 2491 permoti
544 2414 659 2490 equites
673 2414 801 2487 Treveri,
818 2435 945 2491 quorum
959 2417 1035 2478 inter
1050 2420 1151 2478 Gallos

146 2513 261 2575 virtutis
289 2511 389 2589 opinio
418 2522 462 2571 est
486 2511 647 2588 singularis,
669 2511 721 2588 qui
748 2511 847 2572 auxilii
867 2515 957 2574 causa
977 2516 1015 2574 ab
1036 2513 1152 2574 civitate

149 2615 190 2674 ad
217 2617 376 2676 Caesarem
409 2609 492 2670 missi
520 2622 671 2682 venerant,
700 2631 770 2670 cum
802 2611 991 2672 multitudine
1022 2611 1152 2671 hostiurn

100 2746 134 2804 25
151 2725 246 2774 castra
270 2709 413 2788 compleri
437 2720 548 2783 nostra,
577 2709 709 2786 legiones
736 2708 832 2786 premi
859 2721 889 2769 et
915 2729 1012 2787 paene
1033 2709 1154 2769 circum-

149 2826 253 2873 ventas
268 2809 368 2882 teneri,
384 2811 513 2880 calones,
530 2807 652 2885 equites,
667 2808 838 2881 funditores
856 2807 1003 2868 Numidas
1024 2807 1153 2867 diversos

152 2911 370 2987 dissipatosque
390 2907 422 2967 in
446 2926 552 2967 omnes
571 2917 677 2982 partes
698 2907 799 2982 sugere
818 2905 969 2977 vidissent,
992 2905 1154 2982 desperatis

151 3008 259 3070 nostris
272 3009 360 3067 rebus
375 3007 501 3066 domum
515 3004 755 3076 contenderunt3
785 3005 941 3062 Romanos
955 3005 1056 3079 pulsos
1069 3022 1155 3080 supe-

151 3121 299 3183 ratosque,
328 3103 429 3164 castris
459 3101 741 3180 impedimentisque
771 3120 874 3160 eorum
905 3101 1006 3161 hostes
1043 3102 1154 3179 potitos

101 3229 139 3285 30
152 3203 263 3266 civitati
283 3203 531 3263 renuntiaverunt.
577 3221 592 3259 2
597 3217 623 3278 5.
667 3202 777 3260 Caesar
803 3202 842 3260 ab
870 3199 1005 3260 decimae
1031 3200 1155 3278 legionis

152 3300 358 3364 cohortatione
380 3301 419 3360 ad
442 3301 578 3360 dextrum
603 3319 695 3358 cornu
719 3300 878 3375 profectus,
896 3297 948 3358 ubi
971 3317 1041 3359 suos
1061 3302 1156 3376 urgeri

150 3403 302 3478 signisque
335 3400 367 3458 in
398 3419 492 3459 unum
525 3400 626 3458 locum
658 3396 773 3456 collatis
805 3395 1002 3457 duodecimae
1032 3397 1156 3473 legionis

126 3498 288 3553 conmrtos
314 3495 429 3557 milites
457 3495 517 3558 sibi
538 3495 622 3577 ipsos
645 3496 685 3558 ad
704 3514 839 3576 pugnam
858 3514 924 3558 esse
941 3493 1156 3572 impedimento
