2476 3796
161 208 178 265 6
419 210 487 267 DE
512 209 662 269 BELLO
693 209 889 271 GALLJCO

157 332 347 409 renuntiatur,
366 334 511 396 Helvetiis
526 356 590 396 esse
603 336 634 396 in
649 336 758 411 auimo,
773 357 825 415 per
838 358 940 416 agrum
954 342 1157 416 Sequanorum

159 441 190 490 et
206 432 378 490 Aeduorum
397 431 452 491 iter
465 431 496 491 in
512 435 677 493 Santonum
691 435 765 493 fines
780 437 884 508 facere,
897 436 947 511 qui
961 457 1023 497 non
1037 440 1126 516 longe
1140 460 1159 498 a

158 527 343 612 Tolosatium
356 527 464 588 finibus
478 530 594 602 absunt,
610 551 686 608 quae
700 530 801 592 civitas
816 544 860 593 est
873 533 905 592 in
919 535 1077 611 provincia.
1104 557 1106 562 ⁴
1120 539 1158 598 Id

159 621 182 682 si
197 625 286 696 fieret,
301 623 489 701 intellegebat
503 647 612 703 magno
627 648 695 687 eum
704 628 834 704 periculo
843 630 1010 705 provinciae
1018 634 1156 707 futurum,

127 731 143 790 5
158 731 191 780 ut
205 721 340 782 homines
354 722 519 798 bellicosos,
535 725 640 802 populi
655 725 785 785 Romani
799 726 944 802 inimicos
962 730 1035 790 locis
1055 742 1157 808 paten-

158 816 236 875 tibus
263 818 449 895 maximeque
468 819 662 880 frumentariis
690 819 830 880 finitimos
857 824 987 883 haberet.
1030 827 1079 886 Ob
1107 846 1156 886 eas

158 934 261 974 causas
282 915 310 975 ei
330 917 496 993 munitioni,
522 938 612 995 quam
632 921 748 993 fecerat,
774 922 809 979 T.
834 920 998 981 Labienum
1027 924 1156 998 legatum

158 1012 317 1090 praefecit;
344 1014 453 1091 ipsein
475 1015 591 1075 Italiam
606 1015 720 1092 magnis
735 1014 888 1077 itineribus
903 1019 1055 1078 contendit
1070 1020 1155 1079 duas-

158 1130 217 1187 que
237 1109 278 1170 ibi
299 1111 430 1188 legiones
451 1111 610 1172 conscribit
631 1123 662 1171 et
682 1122 749 1187 tres,
767 1133 842 1189 quae
864 1112 974 1172 circum
989 1113 1155 1189 Aquileiam

109 1232 144 1269 10
157 1208 336 1283 hiemabant,
361 1229 397 1268 ex
421 1208 550 1269 hibernis
571 1207 672 1268 educit
700 1218 738 1283 et,
764 1227 825 1283 qua
850 1209 1017 1286 proximum
1043 1209 1098 1269 iter
1124 1209 1155 1268 in
1187 1255 1190 1260 .

157 1305 324 1366 ulteriorem
340 1304 467 1365 Galliam
481 1324 535 1381 per
548 1306 640 1380 Alpes
656 1316 724 1379 erat,
745 1305 813 1364 cum
828 1305 874 1364 his
889 1305 1019 1382 quinque
1033 1305 1154 1383 legioni-

157 1403 212 1463 bus
233 1401 275 1463 ire
296 1401 459 1463 contendit.
503 1400 551 1462 Ibi
572 1404 738 1463 Ceutrones
753 1415 782 1462 et
797 1401 943 1463 Graioceli
958 1417 987 1464 et
1001 1404 1154 1481 Caturiges
1194 1457 1198 1464 .

156 1499 229 1560 locis
257 1499 453 1576 superioribus
485 1496 639 1576 occupatis
671 1497 775 1557 itinere
806 1499 965 1558 exercitum
998 1500 1154 1576 prohibere

156 1609 307 1659 conantur.
351 1595 562 1673 Compluribus
583 1595 629 1656 his
650 1595 767 1673 proeliis
788 1596 938 1673 pulsisab
950 1598 1054 1670 ,Ocelq
1072 1599 1154 1673 quod

85 1735 88 1741 -
107 1711 141 1770 15
157 1704 201 1753 est
229 1691 369 1752 citerioris
397 1690 569 1769 provinciae
591 1703 761 1766 extremum,
786 1691 818 1750 in
838 1693 912 1754 fines
939 1692 1153 1751 Vocontiorum

155 1788 299 1849 ulterioris
320 1788 488 1865 provinciae
509 1788 558 1850 die
586 1789 713 1865 septimo
741 1788 892 1865 pervenit3
920 1787 991 1849 inde
1017 1774 1048 1847 in
1074 1791 1155 1849 Allo·

155 1889 279 1962 brogum
311 1888 392 1961 fines,
423 1888 462 1945 ab
492 1885 702 1961 Allobrogibus
730 1883 762 1942 in
791 1883 965 1960 Segusiavos
993 1885 1153 1945 exercitum

76 2040 77 2043 ,
152 1982 243 2043 ducit.
288 1982 332 2040 Hi
352 1993 420 2042 sunt
443 1993 525 2042 extra
546 1979 726 2059 provinciam
748 1990 828 2040 trans
853 1966 1033 2040 Rhodanum
1057 1980 1151 2058 primi.

157 2098 201 2137 11.
245 2075 376 2138 Helvetii
396 2075 455 2136 iam
476 2074 699 2154 per'angustias
721 2086 750 2135 et
771 2077 845 2134 fines
866 2077 1067 2149 Sequanorum
1086 2096 1173 2135 suas·
1228 2143 1230 2146 Α

104 2202 140 2240 20
155 2172 256 2250 copias
271 2174 459 2233 traduxerant
473 2185 503 2232 et
516 2172 548 2231 in
561 2173 734 2232 Aeduorum
747 2173 822 2232 fines
835 2184 1029 2248 pervenerant
1040 2193 1154 2233 eorum-

154 2289 211 2344 que
223 2289 307 2346 agros
318 2272 545 2349 populabantur.
581 2268 686 2345 Aedui,
700 2289 768 2328 cum
780 2289 812 2329 se
826 2288 937 2345 suaque
951 2270 989 2329 ab
1001 2271 1043 2330 eis
1054 2271 1153 2330 defen-

152 2367 222 2426 dere
242 2384 304 2425 non
324 2377 455 2442 possent,
486 2367 600 2441 legatos
621 2364 661 2423 ad
686 2365 847 2425 Caesarem
874 2362 996 2424 mittunt
1015 2377 1152 2442 rogatum
1192 2413 1194 2415 ,

152 2461 305 2524 auxilium:
331 2464 379 2521 Ita
392 2481 425 2521 se
439 2461 522 2523 omni
536 2472 670 2536 tempore
689 2461 727 2520 de
740 2461 854 2538 populo
874 2462 1013 2520 Romano
1031 2460 1151 2523 meritos

151 2577 225 2630 esse,
237 2569 270 2618 ut
284 2577 379 2634 paene
393 2555 424 2615 in
437 2565 601 2633 conspectu
611 2554 756 2615 exercitus
767 2554 860 2615 nostri
874 2554 935 2631 agri
944 2554 1059 2628 vastari,
1068 2555 1152 2616 liberi

101 2679 136 2738 25
151 2672 254 2713 eorum
267 2653 299 2713 in
309 2652 478 2713 servitutem
493 2653 609 2728 abduci,
623 2652 737 2730 oppida
747 2652 907 2728 expugnari
917 2671 978 2711 non
987 2651 1148 2712 debuerint.

152 2750 268 2810 Eodem
281 2760 415 2826 tempore
434 2747 532 2808 Aedui
552 2747 697 2821 Ambarri,
713 2745 869 2807 necessarii
889 2758 919 2807 et
939 2745 1151 2824 consanguinei

149 2846 330 2921 Aeduorum,
345 2847 503 2906 Caesarem
513 2845 666 2904 certiorem
680 2841 791 2902 faciunt
802 2862 866 2902 sese
877 2842 1062 2919 depopulatis
1075 2844 1150 2922 agris

149 2962 212 3003 non
232 2941 317 3002 facile
337 2943 375 3001 ab
397 2940 514 3019 oppidis
534 2939 593 3000 vim
614 2939 744 3000 hostium
766 2935 928 3015 prohibere.
971 2940 1050 2998 Item
1071 2942 1151 3000 Allo·

149 3040 263 3114 broges,
291 3037 342 3113 qui
362 3049 441 3098 trans
463 3039 646 3097 Rhodanum
666 3035 747 3094 vicos
775 3032 1036 3112 possessionesque
1063 3037 1150 3097 habe·

98 3161 136 3216 30
149 3135 232 3207 bant,
253 3136 322 3211 fuga
349 3153 381 3194 se
402 3135 441 3193 ad
461 3136 621 3195 Caesarem
641 3129 788 3207 recipiunt
809 3141 839 3189 et
860 3130 1064 3193 demonstrant
1094 3133 1150 3194 sibi

149 3241 265 3307 praeter
279 3228 339 3306 agri
354 3230 450 3289 solum
464 3228 538 3287 nihil
552 3248 617 3288 esse
631 3224 743 3302 reliqui.
781 3225 895 3301 Quibus
906 3229 993 3287 rebus
1005 3229 1149 3291 adductus

148 3328 258 3389 Caesar
271 3345 333 3385 non
346 3325 563 3401 expectandum
573 3322 630 3383 sibi
643 3321 752 3394 statuit,
768 3321 839 3380 dum
867 3321 1006 3383 omnibus
1026 3324 1149 3387 fortunis

149 3421 296 3482 sociorum
310 3418 495 3495 consumptis
508 3418 540 3478 in
555 3421 704 3479 Santonos
721 3415 851 3477 Helvetii
864 3417 1058 3492 pervenirent.
