2476 3796
361 214 446 273 LIB.
469 215 533 272 lla
581 215 670 274 CAP.
697 232 821 290 14-17,
1068 235 1086 290 9

97 359 216 436 quidem
237 381 284 421 res
304 363 343 421 ad
363 363 515 440 negotium
536 365 754 425 conficiendum
768 365 894 425 maxime
910 364 963 425 fuit
978 370 1086 442 oppor-

97 466 185 517 tuna:
217 477 285 516 narn
313 459 442 535 singulas
469 459 560 518 nostri
587 460 749 519 consectati
776 471 1026 536 expugnaverunt,
1054 471 1087 519 ut

96 570 263 627 perpaucae
290 572 327 611 ex
354 552 436 612 omni
463 572 585 612 numero
613 553 709 613 noctis
736 553 901 613 interventu
921 555 960 612 ad
981 565 1090 613 terram

96 648 289 723 pervenerint,
300 669 368 708 cum
383 652 421 708 ab
435 652 507 709 hora
520 652 579 710 fere
594 662 697 725 quarta
710 651 853 726 usquead
867 650 936 710 solis
948 670 1086 710 occasum

96 756 282 820 pugnaretur.
327 747 371 804 16.
411 746 481 819 Quo
496 745 608 821 proelio
623 746 732 806 bellum
742 747 924 804 Venetorum
938 745 1086 820 totiusque
1116 762 1131 819 5

97 859 164 899 orae
183 840 355 899 maritumae
374 843 543 899 confectum
557 851 609 900 est.
651 843 731 899 Nam
746 860 814 898 curn
829 842 925 899 omnis
939 840 1083 913 iuventus,

97 955 200 996 omnes
230 937 318 996 etiam
341 937 480 1014 gravioris
500 937 613 1011 aetatis,
642 937 673 996 in
700 936 808 1012 quibus
835 936 945 1012 aliquid
972 936 1087 997 consilii

96 1044 147 1092 aut
167 1034 316 1110 dignitatis
337 1033 399 1108 fuit,
420 1053 456 1094 eo
477 1045 684 1106 convenerant,
699 1045 763 1094 turn
784 1034 903 1093 navium
923 1035 1004 1111 quod
1024 1033 1087 1093 ubi-

97 1151 156 1206 que
175 1133 268 1191 fuerat
287 1152 380 1191 unum
401 1132 431 1191 in
452 1135 550 1193 locum
572 1137 747 1209 coegerant5
774 1132 882 1208 quibus
904 1132 1018 1191 arnissis
1045 1151 1087 1190 re·

96 1227 169 1304 liqui
182 1247 279 1304 neque
293 1248 352 1305 quo
366 1248 398 1288 se
411 1229 581 1305 reciperent,
597 1248 694 1305 neque
708 1229 961 1305 quemadmodum
975 1226 1087 1304 oppida
1098 1239 1134 1276 10

98 1327 290 1386 defenderent
314 1328 472 1386 habebant.
515 1328 621 1403 Itaque
649 1346 679 1386 se
707 1345 820 1402 suaque
847 1325 946 1385 omnia
967 1323 1086 1386 Caesari

97 1422 281 1483 dediderunt.
317 1425 354 1482 In
368 1443 442 1500 quos
457 1443 493 1484 eo
507 1425 621 1501 gravius
630 1426 740 1485 Caesar
752 1421 961 1482 vindicandum
976 1421 1086 1493 statuit,
1100 1460 1105 1472 =

98 1537 158 1593 quo
172 1517 338 1596 diligentius
352 1518 382 1578 in
396 1519 540 1596 reliquum
554 1531 673 1595 tempus
691 1539 709 1578 a
723 1516 852 1579 barbaris
866 1517 910 1576 ius
924 1521 1086 1592 legatorum

97 1625 323 1674 conservaretur.
367 1617 471 1690 Itaque
500 1615 582 1674 omni
609 1626 714 1674 senatu
742 1626 850 1674 necato
876 1612 1004 1690 reliquos
1031 1614 1086 1672 sub

96 1726 206 1766 corona
218 1708 358 1768 vendidit
1098 1712 1132 1770 15

161 1817 204 1873 17.
248 1802 328 1858 Dum
343 1802 417 1859 haec
429 1798 461 1858 in
474 1798 597 1859 Venetis
610 1807 756 1875 gemntur,
767 1797 804 1871 Q.
819 1797 951 1856 Titurius
961 1794 1086 1856 Sabinus

97 1913 164 1952 curn
177 1894 212 1952 iis
226 1893 326 1970 copiis,
339 1914 413 1971 quas
427 1914 444 1952 a
456 1897 583 1956 Caesare
597 1903 757 1969 acceperat,
770 1893 800 1951 in
811 1894 885 1951 fines
895 1892 1087 1953 Venellorum

96 1991 236 2066 pervenit.
280 1991 338 2050 His
352 2001 485 2067 praeerat
497 1988 650 2048 Viridovix
663 2007 699 2046 ac
712 2006 858 2046 summam
876 1984 991 2063 imperii
1005 1997 1086 2045 tene·

99 2087 150 2145 bat
174 2105 274 2145 earum
294 2085 428 2145 omnium
448 2085 599 2144 civitatum
627 2103 703 2160 quae
724 2084 901 2156 defecerant,
924 2103 960 2143 ex
981 2082 1087 2159 quibus

99 2183 256 2242 exercitum
277 2201 457 2259 magnasque
484 2181 584 2258 copias
611 2184 765 2258 coegerat3
796 2191 885 2256 atque
911 2179 957 2239 his
984 2177 1087 2255 paucis
1098 2176 1135 2228 ΞΟ

98 2278 202 2338 diebus
216 2279 333 2338 Aulerci
348 2279 528 2338 Eburovices
543 2276 725 2353 Lexoviique
739 2287 843 2335 senatu
857 2294 910 2334 suo
923 2274 1087 2344 intersect0,

99 2375 180 2449 quod
201 2385 334 2433 auctores
355 2374 424 2434 belli
442 2393 507 2435 esse
524 2375 674 2444 nolebant,
694 2384 793 2449 portas
813 2374 980 2432 clauserunt
997 2389 1087 2446 seque

97 2490 167 2529 cum
187 2470 356 2532 Viridovice
377 2472 590 2532 coniunxemnt
600 2493 608 2544 ;
635 2489 801 2548 magnaque
821 2480 972 2546 praeterea
989 2468 1087 2526 multi·

97 2563 169 2623 tudo
190 2563 321 2638 undique
340 2583 377 2623 ex
394 2564 492 2624 Gallia
509 2563 690 2639 perditorum
709 2560 865 2620 hominum
882 2561 1088 2634 latronumque

96 2667 283 2728 convenerat,
305 2677 379 2733 quos
401 2677 469 2734 spes
489 2656 651 2734 praedandi
675 2655 865 2731 studiumque
892 2651 1022 2713 bellandi
1048 2654 1086 2711 ab
1098 2662 1132 2721 25
1173 2672 1176 2680 ¹

96 2751 271 2828 agricultura
291 2763 320 2810 et
338 2751 487 2812 cotidiano
505 2754 607 2812 labore
624 2750 790 2810 revocabat.
833 2747 959 2808 Sabinus
977 2746 1087 2806 idoneo

97 2847 235 2908 omnibus
262 2849 349 2907 rebus
376 2850 444 2908 loco
471 2848 573 2908 castris
601 2866 665 2907 sese
692 2847 821 2917 tenebat,
841 2863 909 2903 curn
935 2842 1088 2902 Viridovix
1163 2874 1164 2879 κ

97 2956 200 3004 contra
226 2962 295 3003 eum
322 2945 415 3004 duum
443 2944 558 3004 milium
585 2942 682 3019 spatio
709 2939 891 3000 consedisset
919 2936 1087 3014 cotidieque

97 3038 248 3114 productis
273 3037 365 3114 copiis
385 3038 536 3116 pugnandi
556 3046 735 3114 potestatem
755 3022 872 3108 faceret,
894 3030 1006 3091 utiam
1026 3050 1087 3090 non

100 3136 196 3193 solum
229 3134 364 3193 hostibus
391 3134 422 3193 in
450 3132 702 3210 contemptionem
730 3129 855 3190 Sabinus
881 3126 1002 3199 veniret,
1034 3130 1134 3198 sed30

97 3229 187 3291 etiam
205 3241 372 3290 nostrorum
390 3229 516 3290 militum
535 3229 658 3289 vocibus
671 3225 806 3286 nonnihil
820 3237 986 3301 carperetur
995 3243 1004 3297 ;
1024 3234 1087 3283 tan·

97 3340 217 3403 tamque
245 3325 416 3402 opinionem
442 3325 554 3386 timoris
581 3322 725 3401 praebuit,
752 3332 786 3381 ut
815 3321 875 3381 iarn
906 3322 946 3380 ad
978 3321 1087 3379 vallum

96 3432 257 3482 castrorum
270 3423 370 3482 hostes
383 3421 524 3483 accedere
538 3421 688 3481 auderent.
725 3417 771 3498 ,Id
781 3435 820 3506 ‚ea
839 3416 877 3477 de
895 3434 983 3476 causa
1000 3414 1088 3476 sacie-
1169 3476 1176 3485 .
