2476 3796
144 204 180 243 10
407 184 476 243 DE
500 183 652 244 BELLO
681 182 876 246 GALLICO

139 335 200 407 bat,
228 332 311 409 quod
338 352 408 392 cum
429 343 511 392 tanta
531 330 720 394 multitudine
740 331 879 407 hostium,
901 333 1074 411 praesertim
1099 355 1139 396 eo

138 430 262 489 absente
281 426 332 504 qui
353 447 500 488 summam
520 427 636 506 imperii
657 440 779 502 teneret,
801 429 858 489 nisi
878 450 974 508 aequo
994 433 1064 492 loco
1085 442 1139 492 aut

138 525 361 604 opportunitate
374 526 474 604 aliqua
487 528 557 587 data
570 528 668 605 legato
687 527 890 588 dimicandum
908 548 971 589 non
989 527 1139 589 existima·

137 622 198 681 bat.
243 623 287 681 18.
332 623 402 680 Hac
416 625 589 682 confirmata
603 622 744 700 opinione
756 623 871 706 timoris
884 622 1026 684 idoneum
1044 642 1137 700 quen-

111 716 209 793 5dam
236 713 390 776 hominem
417 727 447 776 et
475 715 615 776 callidum
643 717 761 794 delegit,
784 720 913 789 Gallum,
934 737 972 778 ex
991 718 1035 792 iis,
1058 738 1137 795 quos

137 813 238 873 auxilii
251 832 341 874 causa
355 833 455 875 secum
469 816 606 875 habebat.
651 816 734 875 Huic
748 816 861 894 magnis
872 815 1008 893 praemiis
1018 816 1135 893 pollici·

136 907 359 986 tationibusque
372 909 539 986 persuadet,
554 909 597 970 uti
611 911 649 970 ad
663 913 763 972 hostes
777 923 914 985 transeat,
930 925 961 974 et
979 913 1050 990 quid
1071 915 1135 974 fieri

136 999 209 1061 velit
229 1002 344 1061 edocet
387 1001 448 1077 Qui
468 1003 519 1062 ubi
538 1023 592 1080 pro
613 1006 735 1082 perfuga
754 1006 793 1065 ad
814 1024 866 1066 eos
887 1005 975 1079 venit,
997 1004 1135 1067 timorem

138 1098 343 1156 Romanorum
375 1097 524 1174 proponit,
558 1098 664 1174 quibus
701 1100 843 1176 angustiis
878 1098 942 1177 ipse
974 1103 1086 1163 Caesar
1115 1122 1135 1161 a

93 1192 260 1256 roVenetis
273 1203 423 1270 prematur
436 1194 535 1267 docet,
549 1213 647 1271 neque
661 1196 777 1272 longius
791 1198 895 1257 abesse
908 1196 980 1274 quin
998 1197 1135 1274 proxima

137 1300 226 1350 nocte
252 1290 378 1351 Sabinus
406 1292 483 1351 clam
511 1311 547 1352 ex
574 1291 676 1352 castris
704 1293 865 1353 exercitum
892 1294 1000 1354 educat
1031 1304 1062 1354 et
1093 1278 1155 1354 ad'

137 1391 295 1450 Caesarem
322 1388 423 1449 auxilii
448 1387 563 1448 ferendi
594 1408 683 1449 causa
713 1390 921 1467 proficiscatur.
963 1390 1055 1466 Quod
1081 1389 1133 1451 ubi

136 1484 271 1544 auditum
298 1496 351 1558 est,
373 1486 562 1545 conclamant
589 1505 693 1546 omnes
715 1487 902 1547 occasionem
923 1487 1034 1564 negotii
1053 1489 1133 1548 bene

137 1581 259 1658 gerendi
269 1582 463 1642 amittendam
474 1602 536 1641 non
548 1601 621 1655 esse,
633 1584 673 1643 ad
686 1596 781 1643 castra
791 1583 825 1642 iri
835 1595 979 1660 oportere.
1016 1587 1132 1646 Multae

93 1690 126 1754 15
137 1698 183 1738 res
197 1680 305 1739 adhoc
315 1679 472 1740 consilium
484 1681 586 1740 Gallos
597 1681 803 1742 hortabantur:
822 1681 1006 1760 superiorum
1017 1680 1132 1741 dierum

137 1774 238 1837 Sabini
265 1775 425 1847 cunctatio,
446 1777 585 1852 perfugae
609 1777 804 1848 confirmatio,
824 1775 927 1854 inopia
947 1776 1130 1848 cibariorum,

138 1872 186 1932 cui
198 1872 241 1933 rei
253 1872 359 1950 parurn
373 1871 529 1949 diligenter
542 1873 579 1932 ab
599 1872 634 1932 iis
653 1884 714 1932 erat
733 1873 892 1949 provisum,
908 1893 976 1950 spes
995 1873 1132 1934 Venetici

137 1968 209 2029 belli
223 1978 252 2027 et
265 1968 348 2043 quod
362 1967 422 2026 fere
436 1966 560 2026 libenter
573 1965 709 2026 homines
724 1967 755 2026 id
774 1968 856 2044 quod
874 1969 978 2027 volunt
997 1969 1130 2027 credunt.

139 2064 197 2123 His
210 2064 297 2124 rebus
311 2061 432 2122 adducti
446 2081 508 2122 non
521 2062 600 2138 prius
613 2061 815 2122 Viridovicem
833 2062 1021 2139 reliquosque
1039 2063 1131 2122 duces

93 2179 174 2221 aoex
187 2157 315 2219 concilio
329 2157 490 2232 dimittunt,
505 2176 595 2233 quam
614 2160 652 2218 ab
671 2159 716 2218 his
735 2158 772 2218 sit
790 2177 973 2230 concessum,
989 2177 1070 2217 arma
1087 2156 1132 2216 uti

137 2255 256 2332 capiant
270 2266 300 2316 et
313 2255 352 2315 ad
367 2266 463 2314 castra
476 2256 667 2315 contendant.
710 2256 779 2329 Qua
798 2273 829 2313 re
847 2272 990 2313 concessa
1007 2251 1077 2312 laeti
1099 2263 1132 2313 ut

138 2352 289 2427 explorata
314 2349 437 2410 victoria
464 2349 619 2408 sarmentis
641 2348 831 2425 virgultisque
852 2348 993 2422 collectis,
1023 2347 1132 2423 quibus

137 2452 231 2509 fossas
243 2453 450 2509 Romanorum
461 2448 637 2523 compleant,
647 2448 686 2507 ad
694 2458 788 2507 castra
796 2457 929 2524 pergunt.
962 2466 1006 2522 19.
1032 2448 1132 2506 Locus

138 2556 200 2605 erat
220 2556 382 2605 castrorum
403 2542 500 2604 editus
521 2555 551 2604 et
570 2542 712 2619 paulatim
733 2545 771 2603 ab
792 2542 854 2601 imo
875 2541 997 2601 adclivis
1018 2541 1133 2601 circiter

56 2633 59 2639 ³
95 2661 242 2723 25passus
269 2640 356 2700 mille.
401 2642 473 2699 Huc
500 2657 607 2715 magno
634 2657 720 2698 cursu
740 2639 966 2711 contenderunt,
988 2649 1021 2697 ut
1041 2657 1132 2714 quarn

139 2737 294 2798 minimum
321 2735 409 2814 spatii
436 2735 528 2795 adse
549 2733 729 2808 colligendos
750 2735 966 2809 armandosque
988 2732 1133 2792 Romanis

139 2838 265 2909 daretur,
280 2832 498 2910 exanimatique
516 2843 722 2909 pervenemnt.
766 2833 892 2892 Sabinus
912 2850 981 2890 suos
999 2832 1134 2890 hortatus

139 2930 327 3008 cupientibus
355 2930 472 3007 signum
500 2931 558 2991 dat
604 2927 750 3004 Inpeditis
776 2928 910 2988 hostibus
944 2939 1066 3004 propter
1097 2946 1135 2987 ea

139 3048 216 3105 quae
233 3028 367 3087 ferebant
385 3046 477 3087 onera
496 3024 595 3085 subito
617 3026 731 3087 duabus
751 3023 843 3100 portis
864 3024 1051 3100 eruptionem
1071 3022 1134 3083 fieri

95 3122 230 3202 30iubet.
273 3124 397 3182 Factum
411 3134 456 3182 est
471 3120 691 3198 opportunitate
705 3120 771 3195 loci,
789 3119 919 3178 hostiurn
933 3117 1088 3178 inscientia
1098 3137 1134 3178 ac

140 3218 358 3294 defetigatione,
390 3217 497 3277 virtute
528 3217 655 3280 militum
688 3226 718 3276 et
752 3213 935 3291 superiorum
968 3232 1135 3290 pugnarum

141 3313 359 3387 exercitatione,
387 3325 421 3373 ut
447 3333 486 3373 ne
512 3332 605 3375 unum
636 3309 758 3392 quidem
791 3323 957 3371 nostrorum
991 3309 1135 3387 impetum

140 3411 251 3470 ferrent
270 3428 307 3469 ac
327 3407 426 3472 statim
445 3419 527 3492 terga
545 3418 698 3472 verterent
741 3407 826 3487 Quos
844 3404 994 3486 inpeditos
1014 3403 1135 3481 integris
