2476 3796
140 237 177 296 32
421 218 489 276 Dra
508 215 660 276 aratro
684 212 887 276 carasco.

140 350 232 406 altera
252 343 359 418 occisa,
381 347 473 405 altera
493 354 581 420 capta
609 354 661 405 est
705 341 798 404 Gaius
824 340 959 402 Valerius
987 343 1139 418 Procillus,

140 462 209 502 curn
223 461 242 501 a
255 441 428 501 custodibus
442 439 473 499 in
488 441 558 516 fuga
571 437 654 500 trinis
667 438 780 500 catenis
793 437 909 499 vinctus
923 441 1092 515 traheretur,
1109 439 1141 499 in

140 537 239 616 ipsum
273 540 431 600 Caesarem
465 538 566 597 hostes
601 535 732 614 equitatu
772 547 1000 613 persequentem
1026 536 1139 597 incidit.

141 637 228 710 Quae
249 633 370 712 quidem
390 653 436 694 res
458 630 578 695 Caesari
598 653 660 695 non
676 631 823 694 minorem
837 652 927 710 quam
941 632 1006 710 ipsa
1019 633 1143 694 victoria

109 754 126 814 5
141 731 323 808 voluptatem
337 730 441 804 attulit,
459 727 543 806 'quod
555 729 708 791 hominem
722 728 963 790 honestissimum
971 729 1141 807 provinciae

144 826 266 900 Galliae,
286 845 371 885 suurn
391 825 566 886 familiarem
587 838 617 886 et
636 824 794 903 hospitem,
811 837 946 903 ereptum
966 846 984 886 e
1003 828 1142 887 manibus

80 918 81 922 ’
141 921 271 984 hostium
292 921 349 982 sibi
368 922 536 983 restitutum
555 921 685 996 videbat,
707 942 805 1000 neque
827 921 889 983 eius
912 923 1079 984 calamitate
1103 925 1142 984 de

142 1032 225 1081 tanta
237 1023 390 1098 voluptate
401 1031 430 1081 et
438 1019 633 1097 gratulatione
643 1018 803 1097 quicquam
814 1023 933 1082 fortuna
946 1021 1140 1082 deminuerat.

143 1120 174 1178 Is
195 1137 227 1178 se
247 1127 403 1194 praesente
417 1118 457 1177 de
470 1137 503 1177 se
516 1127 561 1177 ter
574 1116 701 1177 sortibus
718 1119 887 1178 consultum
901 1116 1028 1192 dicebat,
1042 1127 1142 1178 utrum

94 1241 129 1280 10
142 1215 203 1293 igni
231 1214 329 1276 statim
357 1225 519 1287 necaretur,
548 1233 588 1272 an
615 1213 647 1273 in
675 1213 756 1274 aliud
783 1226 901 1291 tempus
928 1226 1142 1275 reservaretur:

143 1310 266 1391 sortium
279 1311 426 1372 beneficio
441 1331 473 1371 se
487 1330 552 1371 esse
565 1308 754 1371 incolumem.
798 1312 876 1371 Item
896 1313 1015 1370 Marcus
1030 1308 1142 1370 Metius

143 1421 275 1486 repertus
297 1409 378 1469 etad
400 1428 469 1469 eum
489 1409 629 1469 reductus
651 1419 702 1469 est.
747 1426 794 1486 54.
838 1411 910 1469 Hoc
929 1408 1042 1485 proelio
1062 1419 1143 1468 trans

144 1507 285 1565 Rhenum
313 1503 449 1564 nuntiato
476 1504 575 1576 Suebi,
605 1502 656 1581 qui
683 1505 722 1564 ad
752 1504 830 1581 ripas
865 1501 965 1564 Rbeni
991 1516 1142 1576 venerant,

144 1602 268 1661 domum
288 1599 394 1660 reverti
415 1611 597 1677 coeperunt3
621 1619 695 1677 quos
710 1599 784 1660 Ubii
797 1598 849 1675 qui
862 1597 987 1677 proximi
1001 1601 1143 1660 Rhenum

96 1719 129 1779 15
144 1697 287 1769 incolunt,
316 1697 485 1775 perterritos
513 1697 641 1759 insecuti
672 1719 813 1777 magnum
844 1718 882 1759 ex
913 1697 958 1758 his
987 1717 1143 1758 numerum

146 1792 325 1852 occiderunt.
378 1794 488 1854 Caesar
516 1814 577 1854 una
606 1805 720 1855 aestate
748 1797 866 1856 duobus
895 1796 1031 1857 maximis
1057 1794 1143 1855 bellis

145 1888 288 1950 consectis
315 1891 457 1951 maturius
485 1894 584 1969 pau10,
613 1913 703 1970 quam
731 1904 848 1969 tempus
874 1895 944 1953 anni
963 1895 1139 1972 postulabat,

145 1988 175 2048 in
203 1987 325 2048 hiberna
351 1987 383 2047 in
404 1991 558 2066 Sequanos
583 1989 743 2051 exercitum
768 1989 909 2066 deduxit3
939 1990 1068 2053 hibernis
1089 1994 1144 2050 La·

145 2085 267 2146 bienum
294 2087 482 2162 praeposuit3
517 2087 582 2165 ipse
610 2087 640 2147 in
668 2087 833 2148 citeriorem
862 2090 991 2149 Galliam
1015 2089 1054 2149 ad
1074 2107 1143 2149 con-

95 2202 132 2241 20
146 2192 249 2242 ventus
263 2181 394 2258 agendos
409 2183 559 2258 profectus
574 2195 625 2246 est.
