2476 3796
368 219 454 280 aaa.
477 221 543 280 m.
590 221 681 282 can
705 239 812 297 9-14
1068 238 1083 295 7

93 378 148 436 bus
175 376 357 454 adaequatis,
377 373 437 437 suis
465 375 589 436 fortunis
613 376 769 454 desperare
789 386 957 455 coeperant,
978 395 1087 453 magno

92 490 216 532 numero
235 473 355 533 navium
376 471 511 548 adpulso‚
526 471 608 530 cuius
628 471 670 531 rei
688 491 834 532 summam
851 472 1020 532 facultatem
1038 473 1088 531 ha-

92 569 213 639 bebant,
236 588 290 629 sua
319 570 516 645 deportabant
541 567 641 628 omnia
661 588 751 646 seque
771 569 802 628 in
822 567 955 646 proxima
975 567 1088 646 oppida

93 663 292 740 recipiebant:
312 665 354 725 ibi
368 685 400 726 se
413 685 511 725 rursus
525 664 620 726 isdem
635 664 903 742 opportunitatibus
916 664 975 725 loci
989 665 1088 726 defen-

93 760 211 821 debant.
250 764 337 823 Haec
351 781 388 823 eo
401 761 515 822 facilius
528 781 665 839 magnam
678 773 792 839 partem
802 761 921 823 aestatis
929 761 1085 836 faciebant,
1115 784 1130 842 5

93 860 175 934 quod
192 869 311 919 nostrae
330 878 419 919 naues
438 860 663 935 tempestatibus
682 859 897 933 detinebantur,
912 880 1086 937 summaque

92 965 154 1015 erat
167 966 251 1015 vasto
265 966 355 1029 atque
368 965 471 1030 aperto
485 954 566 1027 mari,
581 954 696 1032 magnis
710 954 848 1030 aestibus,
863 954 933 1016 raris
943 975 979 1015 ac
992 975 1087 1032 prope

92 1050 179 1111 nullis
211 1050 353 1128 portibus,
382 1051 538 1111 difficultas
573 1051 740 1130 navigandi.
785 1072 829 1128 13.
873 1054 1011 1128 Namque
1045 1045 1086 1129 ip

93 1167 193 1208 sorum
219 1167 309 1208 naves
336 1147 375 1207 ad
402 1148 482 1207 hunc
503 1149 627 1208 modum
654 1150 750 1209 sactae
774 1159 964 1225 armataeque
985 1161 1086 1210 erant:

93 1242 209 1305 carinae
237 1243 389 1321 aliquanto
409 1244 556 1321 planiores
577 1264 668 1321 quam
688 1255 855 1305 nostrarum
876 1246 1004 1319 navium,
1025 1266 1085 1324 quo
1098 1267 1133 1304 ιο

93 1338 205 1398 facilius
224 1341 301 1400 vada
318 1360 354 1399 ac
372 1340 528 1401 decessum
548 1351 646 1400 aestus
666 1339 802 1417 excipere
822 1343 963 1417 possent}
983 1360 1087 1417 prorae

93 1434 257 1495 admodum
284 1446 399 1496 erectae
425 1445 516 1511 atque
542 1435 614 1495 item
642 1455 760 1512 puppes
787 1437 826 1495 ad
852 1434 1085 1512 magnitudinem

93 1531 237 1591 fluctuum
271 1542 542 1609 tempestatumque
575 1531 841 1605 adcommodatae,
881 1550 974 1590 naves
1006 1542 1086 1591 totae

93 1631 188 1690 sactae
209 1649 246 1690 ex
264 1631 371 1690 robore
391 1631 430 1689 ad
450 1627 584 1706 quamvis
597 1629 657 1688 vim
672 1639 702 1688 et
716 1627 928 1688 contumeliam
942 1630 1087 1704 perferen·

94 1727 182 1801 dam,
218 1737 342 1786 transtra
361 1725 517 1802 pedalibus
543 1723 575 1784 in
602 1724 787 1784 altitudinem
815 1723 945 1784 trabibus
972 1725 1131 1798 confixa15

94 1820 183 1881 clavis
196 1821 294 1881 ferreis
309 1820 392 1897 digiti
405 1819 520 1898 pollicis
534 1819 744 1893 crassitudine,
761 1838 887 1880 ancorae
900 1839 955 1896 pro
968 1819 1087 1879 funibus

93 1916 192 1978 ferreis
212 1919 324 1976 catenis
344 1917 509 1988 revinctae;
530 1917 623 1992 pelles
637 1934 691 1992 pro
705 1915 777 1975 velis
791 1916 949 1992 alutaeque
962 1915 1087 1975 tenuiter

93 2015 254 2087 consectae,
280 2017 336 2075 hae
363 2013 423 2074 sive
450 2025 570 2091 propter
597 2012 649 2072 lini
672 2010 805 2088 inopiam
826 2023 914 2089 atque
934 2011 997 2073 eius
1017 2031 1087 2072 usus

94 2110 287 2186 inscientiam,
306 2111 367 2171 sive
385 2130 430 2185 eo,
448 2111 530 2187 quod
549 2120 594 2170 est
607 2108 700 2186 magis
714 2107 878 2184 verisimile,
895 2110 978 2186 quod
991 2120 1087 2168 tantas

95 2217 286 2283 tempestates
311 2206 426 2268 Oceani
447 2217 605 2281 tantosque
625 2203 754 2281 impetus
774 2215 933 2264 ventorum
954 2203 1134 2264 sustinerizo

94 2323 131 2362 ac
150 2312 234 2362 tanta
253 2321 343 2362 onera
362 2301 483 2361 navium
504 2300 565 2377 regi
583 2299 655 2360 velis
669 2319 730 2360 non
743 2300 813 2359 satis
827 2300 986 2360 commode
999 2319 1088 2377 posse

94 2395 316 2457 arbitrabantur.
359 2398 437 2457 Cum
464 2395 510 2456 his
537 2395 662 2455 navibus
690 2406 808 2455 nostrae
835 2394 921 2454 classi
941 2394 1088 2456 eiusmodi

95 2513 267 2571 congressus
288 2503 356 2569 erat,
378 2506 411 2554 ut
431 2513 492 2553 una
512 2493 660 2554 celeritate
681 2504 711 2553 et
731 2494 819 2570 pulsu
838 2510 987 2552 remorum
1007 2511 1089 2570 prae-

95 2603 192 2667 staret,
219 2591 332 2668 reliqua
354 2611 408 2668 pro
435 2591 494 2652 loci
521 2603 635 2661 natura,
656 2609 712 2668 pro
738 2590 768 2650 vi
795 2601 1006 2666 tempestatum
1032 2589 1088 2650 illis

95 2700 194 2749 essent
207 2688 320 2765 aptiora
333 2699 363 2748 et
377 2686 654 2748 accommodatiora
696 2688 803 2763 Neque
818 2685 897 2746 enim
911 2685 957 2746 his
971 2699 1088 2748 nostrae
1098 2698 1133 2759 25

94 2799 190 2848 rostro
207 2805 315 2847 nocere
334 2796 594 2863 poterant-tanta
614 2785 645 2844 in
665 2783 701 2844 iis
721 2796 784 2845 erat
802 2783 1089 2862 firmitudo-neque

95 2893 214 2961 propter
240 2882 425 2943 altitudinem
451 2882 537 2943 facile
561 2882 653 2942 telum
673 2879 854 2958 adigebatur,
877 2891 906 2940 et
925 2881 1029 2940 eadem
1050 2881 1089 2941 de

95 2998 184 3040 causa
203 2979 301 3038 minus
322 2978 479 3038 commode
501 2977 629 3053 scopulis
648 2975 883 3036 continebantur.
907 2975 1087 3046 Accedebat,

95 3084 136 3145 ut,
152 3091 221 3132 cum
241 3068 353 3131 saevire
372 3081 478 3130 ventus
499 3069 645 3145 coepisset
664 3079 693 3128 et
717 3087 749 3128 se
766 3078 857 3128 vento
878 3067 1037 3142 dedissent,
1058 3081 1089 3128 et

96 3176 302 3242 tempestatem
322 3167 429 3226 ferrent
450 3163 563 3224 facilius
581 3175 610 3224 et
628 3163 659 3222 in
679 3163 763 3223 vadis
783 3163 977 3224 consisterent
998 3163 1136 3235 tutius30

95 3273 126 3323 et
146 3263 184 3322 ab
204 3273 287 3321 aestu
307 3261 426 3322 relictae
445 3260 519 3320 nihil
540 3279 610 3320 saxa
630 3270 660 3320 et
673 3271 775 3320 cautes
789 3259 944 3333 timerent3
965 3280 1088 3337 quarum

95 3377 192 3419 rerum
218 3358 353 3418 omnium
380 3359 487 3418 nostris
507 3357 632 3417 navibus
653 3375 739 3416 casus
759 3366 821 3416 erat
841 3356 1086 3417 extimescendus.

100 3475 143 3529 14.
187 3454 387 3530 Conpluribus
407 3451 582 3535 expugnatis
602 3452 727 3534 oppidis
744 3452 1113 3524 Qaesnm‘nK‘xmexxestxx
