2476 3796
405 205 491 264 ΜΒ.
517 204 565 263 II.
614 202 705 263 cAP.
733 217 860 279 27-31.
1092 218 1130 276 47

131 335 248 397 acclivis
273 334 369 396 aditus
387 333 420 394 in
438 332 625 395 latitudinem
645 353 709 393 non
728 331 854 411 amplius
873 349 911 394 cc
924 334 1036 409 pedum
1049 330 1134 393 relin-

132 433 297 507 quebatur;
331 450 421 507 quem
436 430 536 489 locum
552 428 664 506 duplici
682 427 824 489 altissimo
843 447 928 487 muro
946 427 1134 488 munierant:

132 540 195 586 tum
219 524 318 602 magni
342 523 482 602 ponderis
510 544 581 584 saxa
606 535 636 585 et
662 534 837 601 praeacutas
864 526 962 584 trabes
989 523 1021 583 in
1048 543 1133 584 muro

123 623 328 683 collocabant.
372 619 435 698 Ipsi
455 631 540 680 erant
557 637 595 680 ex
613 617 741 682 Cimbris
757 618 963 695 Teutonisque
986 619 1131 696 prognati,

132 717 191 794 qui,
206 738 274 778 cum
287 717 343 778 iter
355 715 388 776 in
406 716 590 794 provinciam
604 728 737 777 nostram
752 727 842 794 atque
857 716 976 778 Italiam
992 719 1132 791 facerent,
1166 737 1181 797 5

132 814 174 875 eis
186 812 417 892 impedimentis
430 832 507 890 quae
520 832 622 873 secum
636 831 722 890 agere
736 833 772 872 ac
782 825 900 890 portare
909 832 972 873 non
985 824 1131 890 poterant,

132 913 204 972 citra
219 915 335 999 flumen
354 914 505 973 Rhenum·
518 910 662 988 depositis
681 911 846 971 custodiam
865 931 903 971 ex
922 909 981 971 suis
998 931 1034 971 ac
1052 931 1134 988 prae-

132 1007 239 1068 sidium
277 1027 330 1067 sex
362 1007 444 1068 milia
472 1005 628 1065 hominum
665 1026 726 1067 una
757 1006 944 1083 reliquemnt.
989 1005 1033 1065 Hi
1063 1019 1133 1084 post

132 1124 234 1164 eorum
262 1103 378 1164 obitum
405 1103 515 1163 multos
543 1122 638 1163 annos
672 1123 690 1164 a
724 1102 854 1163 finitimis
889 1102 1034 1180 exagitati,
1063 1124 1132 1163 curn

132 1201 204 1261 alias
225 1203 338 1263 bellum
361 1199 509 1272 inferrent,
533 1199 605 1261 alias
626 1201 740 1261 illatum
762 1201 964 1272 defenderent,
985 1220 1133 1261 consensu
1148 1226 1183 1264 ιο

63 1306 66 1312 ’
132 1316 234 1356 eorum
254 1295 389 1356 omnium
407 1315 483 1373 pace
499 1297 578 1356 facta
597 1297 678 1356 hunc
696 1295 753 1356 sibi
768 1295 919 1356 domicilio
937 1298 1037 1356 locum
1054 1297 1133 1356 dele-

131 1402 244 1468 gemnt.
288 1412 334 1468 30.
377 1394 424 1452 Ac
447 1391 544 1468 primo
572 1393 703 1453 adventu
727 1391 870 1453 exercitus
897 1390 990 1452 nostri
1017 1395 1133 1453 crebras

132 1512 170 1550 ex
196 1489 310 1567 oppido
336 1489 522 1550 excursiones
549 1489 697 1551 faciebant
718 1489 906 1567 parvulisque
925 1487 1044 1567 proeliis
1065 1509 1133 1549 cum

133 1588 239 1648 nostris
266 1589 505 1663 contendebant,
531 1598 638 1664 postea
661 1589 739 1648 vallo
761 1589 873 1665 pedum
892 1586 925 1646 in
947 1586 1068 1648 circuitu
1090 1606 1133 1647 xv

132 1684 245 1746 milium
267 1684 435 1762 crebrisque
459 1683 585 1745 castellis
606 1684 823 1746 circummuniti
842 1684 958 1763 oppido
978 1704 1044 1746 sese
1064 1704 1133 1745 con·
1148 1702 1181 1764 15

132 1780 275 1841 tinebant.
318 1779 381 1842 Ubi
397 1779 491 1840 vineis
512 1779 585 1840 actis
609 1799 715 1857 aggere
736 1791 883 1840 exstructo
904 1778 1006 1840 turrim
1029 1781 1133 1856 procul

133 1878 272 1940 constitui
280 1875 424 1949 viderunt,
435 1874 565 1952 primum
576 1875 694 1936 irridere
705 1895 742 1936 ex
755 1895 839 1936 muro
854 1887 944 1952 atque
957 1874 1132 1953 increpitare

131 1975 264 2046 vocibus,
280 1974 362 2050 quod
376 1983 459 2032 tanta
472 1970 653 2032 machinatio
668 1974 707 2031 ab
721 1982 805 2032 tanto
815 1971 912 2049 spatio
926 1971 1130 2032 instrueretur:

133 2071 311 2147 quibusnam
329 2067 465 2128 manibus
484 2078 535 2127 aut
556 2066 663 2144 quibus
682 2050 791 2128 viribus
810 2066 982 2144 praesertim
995 2066 1132 2128 homines

132 2168 264 2227 tantulae
277 2176 406 2226 staturae
421 2161 503 2242 (nam
517 2165 692 2240 plerumque
706 2163 844 2224 omnibus
860 2163 951 2224 Gallis
965 2182 1037 2240 prae
1050 2182 1131 2241 mag·
1146 2183 1183 2224 ao

133 2263 267 2323 nitudine
285 2280 443 2338 corpomm
466 2279 587 2319 suorum
606 2259 732 2320 brevitas
753 2259 855 2320 nostra
875 2259 1059 2336 contemptui
1074 2259 1131 2338 est)

132 2358 207 2419 tanti
220 2356 317 2418 oneris
330 2356 432 2417 turrim
450 2353 483 2415 in
500 2375 585 2415 muro
605 2375 638 2415 se
655 2375 744 2432 posse
763 2358 909 2418 collocare
927 2361 1133 2420 confiderent?

134 2476 180 2531 31·
223 2453 286 2515 Ubi
297 2472 368 2513 vero
383 2449 495 2512 moveri
509 2462 539 2512 et
557 2451 798 2529 appropinquare
812 2452 968 2514 moenibus
985 2453 1130 2526 viderunt,

132 2572 221 2633 nova,
234 2561 323 2626 atque
344 2547 484 2609 inusitata
503 2547 603 2625 specie
621 2546 765 2608 commoti
782 2550 895 2625 legatos
913 2551 953 2610 ad
973 2552 1131 2612 Caesarem

132 2648 171 2707 de
192 2665 267 2723 pace
287 2643 436 2718 misemnt,
452 2642 503 2721 qui
518 2643 558 2704 ad
577 2645 658 2703 hunc
678 2643 803 2704 modum
821 2643 931 2706 locuti:
953 2648 1025 2706 Non
1038 2645 1133 2706 existi·
1145 2675 1160 2714 2
1165 2671 1180 2732 5

132 2761 213 2802 mare
237 2744 393 2802 Romanos
415 2738 479 2800 sine
500 2758 560 2816 ope
582 2737 683 2798 divina
701 2741 813 2799 bellum
834 2758 943 2816 gerere,
960 2739 1011 2818 qui
1030 2752 1132 2803 tantae

132 2836 295 2898 altitudinis
308 2834 542 2898 machinationes
556 2847 640 2897 tanta
653 2835 801 2896 celeritate
815 2855 990 2912 promovere
998 2849 1131 2914 possent,

132 2954 164 2994 se
178 2952 290 3010 suaque
298 2931 401 2992 omnia
415 2949 516 2992 eorum
526 2930 668 3008 potestati
678 2931 848 3010 permittere
857 2932 1001 2993 dixerunt.
1027 2937 1132 2995 Unum

132 3042 234 3109 petere
253 3049 289 3090 ac
313 3027 482 3106 deprecari:
511 3027 536 3087 si
559 3030 635 3090 forte
658 3048 713 3105 pro
736 3048 789 3089 sua
812 3029 970 3090 clementia
996 3051 1032 3091 ac
1052 3051 1142 3091 man--

132 3126 297 3201 suetudine,
318 3146 408 3204 quam
422 3125 478 3204 ipsi
492 3128 532 3187 ab
549 3125 613 3187 aliis
632 3125 775 3199 audirent,
790 3127 941 3190 statuisset
957 3129 1132 3191 Aduatucos
1145 3156 1184 3215 30

132 3242 197 3283 esse
220 3223 447 3294 conservandos,
475 3241 514 3281 ne
542 3241 574 3282 se
601 3221 689 3282 armis
716 3220 902 3298 despoliaret.
944 3223 1008 3286 Sibi
1028 3244 1132 3287 omnes

132 3323 193 3380 fere
218 3318 359 3379 finitimos
386 3337 451 3378 esse
478 3318 615 3379 inimicos
642 3338 679 3378 ac
705 3338 776 3379 suae
801 3318 902 3380 virtuti
929 3319 1061 3383 invidere
1072 3343 1081 3397 3
1114 3343 1134 3384 a
1218 3342 1221 3347 ·

132 3417 240 3495 quibus
277 3435 309 3476 se
340 3416 500 3477 defendere
533 3415 648 3477 traditis
681 3415 769 3476 armis
803 3435 866 3477 non
899 3429 1035 3495 possent
1071 3419 1169 3487 ΕΜ,
