2476 3796
382 213 468 273 ΜΒ.
491 215 518 274 L
567 213 658 275 CAP.
685 231 812 288 20—24.
1059 233 1099 290 13>

96 341 221 404 Labieni
241 342 378 421 cognitus
398 354 486 415 esset,
509 341 669 402 Considius
697 360 776 417 equo
803 337 934 400 admisso
960 339 1001 400 ad
1026 351 1097 402 eum

96 440 228 514 accurrit,
244 440 316 500 dicit
338 449 481 513 montem,
498 457 588 516 quern
609 457 628 498 a
646 437 781 498 Labieno
801 435 942 514 occupari
961 437 1097 511 voluerit,

95 539 134 597 ab
147 536 283 620 hostibus
296 535 408 597 teneri:
429 535 462 595 id
481 554 512 594 se
531 553 550 595 a
569 533 690 594 Gallicis
712 533 801 593 armis
822 543 912 609 atque
934 532 1097 612 insignibus

96 635 279 713 cognovisse.
323 636 433 696 Caesar
454 652 523 693 suas
543 632 645 708 copias
665 632 697 691 in
718 632 885 709 proximum
906 634 1014 692 collem
1031 632 1099 693 sub·

96 730 187 804 ducit,
213 730 308 790 aciem
335 727 459 788 instruit
516 726 675 800 Labienus,
702 737 735 786 ut
763 738 825 787 erat
852 727 880 786 ei
907 739 1097 806 praeceptum
1131 737 1171 798 54

96 847 114 888 a
144 830 280 900 Caesare,
309 846 349 886 ne
378 824 525 903 proelium
553 825 760 898 committeret,
790 824 847 884 nisi
873 825 965 903 ipsius
993 825 1098 904 copiae

96 943 188 1001 prope
206 923 338 984 hostium
360 933 457 982 castra
474 922 555 982 visae
569 933 677 996 essent,
693 933 726 981 ut
739 922 873 999 undique
887 942 949 983 uno
964 933 1098 1002 tempore

96 1020 128 1081 in
141 1023 242 1081 hostes
256 1021 386 1097 impetus
400 1021 491 1092 fieret,
501 1029 604 1079 monte
619 1029 766 1096 occupato
780 1031 897 1080 nostros
908 1023 1098 1098 exspectabat

96 1117 269 1195 proelioque
287 1116 465 1177 abstinebat.
509 1118 608 1176 Multo
626 1116 756 1194 denique
770 1117 819 1176 die
833 1137 886 1194 per
900 1121 1098 1195 exploratores
1166 1200 1167 1203 Ἴ

97 1217 207 1278 Caesar
227 1216 366 1293 cognovit
380 1227 410 1276 et
423 1227 558 1276 montem
572 1237 591 1276 a
604 1216 665 1276 suis
680 1217 773 1277 teneri
787 1228 817 1277 et
833 1218 989 1279 Helvetios
1003 1229 1098 1279 castra
1113 1241 1149 1278 10

96 1313 224 1375 movisse
245 1325 275 1375 et
290 1314 469 1377 Considium
490 1314 597 1374 timore
617 1313 813 1391 perterritum,
828 1316 910 1392 quod
929 1335 991 1375 non
1011 1315 1099 1377 vidis·

97 1423 151 1487 set,
179 1432 234 1490 pro
261 1410 325 1472 viso
353 1412 409 1472 sibi
435 1411 658 1473 renuntiavisse.
701 1415 748 1472 Eo
777 1412 826 1472 die
853 1433 914 1490 quo
942 1425 1098 1474 consuerat

97 1508 250 1569 intervallo
272 1511 373 1569 hostes
395 1509 528 1585 sequitur
550 1520 580 1568 et
600 1508 682 1570 milia
703 1529 844 1586 passuum
865 1509 920 1569 tria
941 1511 979 1570 ab
994 1530 1098 1572 eorum

97 1604 198 1664 castris
213 1615 308 1664 castra
321 1603 413 1681 ponit

161 1722 206 1777 23.
250 1701 396 1762 Postridie
419 1701 482 1762 eius
505 1699 573 1775 diei,
590 1703 673 1778 quod
694 1702 818 1763 omnino
837 1702 963 1764 biduum
982 1723 1099 1781 supere·
1114 1721 1148 1780 15

96 1811 150 1875 rat,
170 1819 239 1858 cum
262 1798 402 1858 exercitui
421 1800 601 1858 frumentum
624 1798 721 1858 metiri
742 1810 899 1876 oporteret,
922 1810 953 1861 et
976 1803 1098 1878 quoda

98 1898 245 1969 Bibracte,
261 1896 373 1972 oppido
392 1896 565 1956 Aeduorum
587 1898 676 1973 longe
694 1897 824 1958 maximo
839 1909 869 1958 et
882 1897 1097 1975 copiosissime,

97 2014 158 2055 non
178 1995 305 2071 amplius
327 1994 446 2054 milibus
460 2014 601 2071 passuum
616 2012 697 2054 xv111
711 1997 820 2069 aberat,
835 1996 877 2056 rei
891 1996 1098 2057 frumentariae

97 2092 338 2169 prospiciendum
373 2091 567 2152 existimavit:
602 2091 657 2152 iter
688 2093 727 2153 ab
756 2092 904 2153 Helvetiis
931 2093 1035 2154 avertit
1062 2114 1098 2153 ac

98 2189 234 2249 Bibracte
257 2188 298 2249 ire
323 2189 487 2248 contendit.
531 2192 576 2248 Ea
599 2209 645 2249 res
667 2210 720 2268 per
743 2190 882 2267 fugitivos
907 2193 940 2251 L.
967 2191 1096 2264 Aemilii,
1113 2218 1150 2255 20

98 2285 265 2347 decurionis
280 2286 413 2362 equitum
425 2287 586 2358 Gallorum,
602 2287 737 2347 hostibus
751 2289 909 2348 nuntiatur.
954 2289 1096 2363 Helvetii,

97 2407 151 2448 seu
167 2387 251 2463 quod
270 2385 374 2446 timore
395 2385 564 2462 perterritos
585 2388 741 2446 Romanos
762 2386 916 2447 discedere
936 2406 955 2445 a
974 2407 1007 2448 se
1025 2386 1098 2447 exis-

96 2483 241 2556 timarent,
268 2501 305 2541 eo
333 2481 435 2558 magis,
458 2482 541 2558 quod
569 2480 663 2559 pridie
688 2481 887 2558 superioribus
912 2482 985 2542 locis
1011 2502 1098 2542 occu-

96 2580 173 2659 patis
197 2579 341 2657 proelium
370 2598 431 2638 non
458 2578 684 2651 commisissent,
715 2579 776 2638 sive
799 2599 845 2653 e0,
874 2581 957 2656 quod
984 2600 1014 2640 re
1042 2582 1098 2640 fru-

70 2672 75 2689 ‘
97 2675 241 2736 mentaria
261 2674 418 2734 intercludi
438 2694 527 2751 posse
551 2676 745 2750 confiderent,
769 2686 953 2736 commutato
973 2676 1097 2736 consilio
1112 2700 1146 2758 25

97 2784 186 2850 atque
208 2771 312 2832 itinere
334 2792 477 2833 converso
496 2784 613 2833 nostros
633 2793 651 2832 a
667 2774 830 2834 novissimo
849 2776 967 2851 agmine
980 2774 1098 2852 insequi

96 2889 132 2930 ac
145 2872 288 2930 lacessere
299 2882 469 2947 coeperunt
509 2891 553 2943 24.
591 2875 755 2949 Postquam
769 2872 801 2932 id
815 2872 947 2932 animum
961 2873 1096 2947 advertit,

96 2965 197 3042 copias
218 2985 286 3025 suas
308 2968 418 3027 Caesar
437 2966 469 3025 in
489 2966 658 3045 proximum
685 2970 793 3028 collem
821 2969 959 3029 subducit
987 2969 1098 3046 equita·

95 3076 227 3141 tumque,
257 3062 309 3140 qui
343 3062 500 3124 sustineret
533 3064 665 3124 hostiurn
698 3064 852 3142 impetum,
881 3065 969 3125 misit.
1026 3068 1097 3143 Ipse

95 3161 213 3222 interim
235 3160 266 3221 in
288 3163 364 3221 colle
387 3161 488 3221 medio
510 3160 656 3239 triplicem
678 3161 773 3222 aciem
795 3162 932 3222 instruxit
945 3162 1096 3240 legionum
1111 3188 1148 3245 30

96 3270 234 3336 quattuor
255 3270 460 3319 veteranorum
469 3279 479 3333 3
504 3259 557 3317 sed
578 3257 610 3318 in
628 3278 744 3319 summo
761 3259 831 3336 iugo
858 3261 931 3318 duas
954 3259 1096 3336 legiones,

96 3374 171 3432 quas
195 3355 227 3415 in
248 3354 345 3415 Gallia
372 3354 506 3415 citeriore
533 3354 667 3433 proxime
695 3356 916 3433 conscripserat,
937 3367 967 3416 et
995 3356 1099 3416 omnia

95 3450 204 3520 auxilia
230 3450 369 3512 collocari
396 3471 432 3512 ac
459 3462 559 3514 totum
584 3463 728 3516 montem
748 3451 938 3514 ‘nomnibus
959 3443 1123 3514 mmmm&
