2476 3796
135 211 154 262 4
236 260 240 265 .
388 194 466 253 »ΒΕ
492 192 640 253 BELLO
670 191 865 253 GALLICO

136 349 232 411 Galba
258 349 379 409 nolebat
405 359 495 425 utque
521 348 581 409 alio
608 368 647 409 se*
667 347 699 408 in
719 348 842 409 hiberna
863 347 987 408 consilio
1008 347 1129 409 venisse

135 446 318 517 meminerat,
333 445 396 504 aliis
415 445 576 505 occurrisse
594 446 681 505 rebus
693 443 827 519 uidebat,
843 443 970 504 maxime
986 444 1130 505 frumenti

134 552 377 616 commeatusque
399 540 500 616 inopia
520 551 670 617 permotus
694 550 813 616 postero
836 539 884 598 die
906 537 1045 599 omnibus
1064 538 1129 600 eius

134 637 192 696 vici
218 635 358 697 aedificiis
380 635 507 696 incensis
531 635 561 694 in
583 634 765 712 provinciam
789 634 893 694 reverti
914 632 1070 695 contendit
1092 654 1128 695 ac

57 807 59 812 Ι
107 735 217 798 5ηυ110
251 733 336 793 hoste
367 733 541 809 prohibente
578 743 631 792 aut
661 731 716 792 iter
747 733 919 792 demorante
946 730 1125 791 incolumem

136 826 281 904 legionem
295 827 327 886 in
345 829 519 899 Nantuates,
537 826 609 887 inde
628 825 660 886 in
678 826 853 903 Allobroges
872 824 1008 902 perduxit
1025 823 1128 902 ibique

136 921 282 981 hiemavit.

199 1036 223 1094 7.
267 1019 326 1079 His
352 1021 440 1080 rebus
466 1019 556 1096 gestis
584 1038 653 1078 cum
680 1016 817 1079 omnibus
842 1020 880 1079 de
900 1017 996 1078 causis
1017 1018 1129 1079 Caesar

136 1128 271 1193 pacatam
306 1117 432 1179 Galliam
459 1103 653 1191 existimaret,
683 1116 826 1194 superatis
860 1117 966 1194 Belgis,
998 1116 1128 1192 expulsis

93 1213 301 1286 10GermaniS‚
315 1212 400 1272 victis
420 1212 451 1273 in
471 1213 597 1290 Alpibus
618 1214 751 1287 Sedunis,
766 1224 855 1290 atque
876 1212 918 1272 ita
937 1212 1009 1272 inita
1029 1211 1128 1271 hieme

137 1309 168 1368 in
197 1309 345 1386 Illyricum
372 1312 521 1386 profectus
547 1320 632 1381 esset,
658 1311 740 1385 quod
768 1328 818 1369 eas
846 1328 965 1385 quoque
992 1306 1128 1368 nationes

138 1407 218 1468 adire
246 1419 275 1468 et
303 1407 436 1483 regiones
464 1427 643 1483 cognoscere
662 1410 790 1479 volebat,
813 1407 943 1467 subitum
964 1407 1076 1466 bellum
1096 1405 1128 1464 in

138 1504 235 1566 Gallia
247 1517 382 1565 coortum
397 1516 449 1566 est.
492 1505 563 1564 Eius
578 1505 648 1564 belli
662 1507 735 1565 haec
748 1504 804 1565 fuit
818 1524 913 1564 causa
957 1507 989 1563 P.
1006 1505 1129 1564 Crassus

138 1601 312 1661 adulescens
333 1620 401 1660 curn
421 1600 537 1678 legione
557 1602 684 1677 septima
703 1600 852 1677 proximus
872 1620 952 1660 mare
974 1603 1129 1660 Oceanum

94 1712 128 1771 15
139 1696 170 1754 in
184 1695 319 1755 Andibus
337 1695 487 1756 hiemarat.
531 1697 570 1768 Is,
586 1697 669 1772 quod
682 1695 713 1754 in
726 1695 772 1755 his
786 1695 859 1754 locis
874 1694 976 1771 inopia
989 1691 1130 1753 fmmenti

140 1802 210 1863 erat,
232 1793 397 1868 praefectos
413 1791 606 1869 tribunosque
625 1792 750 1852 militum
771 1794 927 1867 conplures
945 1791 976 1850 in
991 1789 1129 1849 finitimas

139 1888 271 1947 civitates
298 1887 436 1948 frumenti
463 1907 552 1947 causa
578 1888 707 1962 dimisit3
738 1907 798 1965 quo
825 1887 857 1946 in
884 1906 1007 1947 numero
1027 1895 1072 1945 est
1092 1887 1128 1945 T.

140 1982 320 2042 Terrasidius
341 1982 447 2042 missus
468 1983 499 2042 in
513 1982 648 2058 Esuvios,
667 1987 709 2042 M.
726 1982 849 2044 Trebius
869 1984 971 2044 Gallus
984 1981 1016 2041 in
1030 1981 1131 2044 Curio

140 2078 248 2151 solitaS,
265 2080 302 2153 Q.
318 2078 459 2138 Velanius
473 2097 542 2137 cum
556 2082 589 2138 T.
607 2080 678 2140 Silio
691 2080 722 2139 in
736 2082 874 2139 Venetos

94 2200 131 2237 20
200 2177 227 2235 8.
271 2175 370 2234 Huius
403 2186 448 2234 est
482 2175 606 2235 civitatis
640 2178 728 2253 longe
761 2175 944 2251 amplissima
971 2174 1130 2235 auctoritas

141 2271 238 2331 omnis
266 2290 334 2330 orae
361 2270 524 2330 maritimae
552 2273 704 2348 regionum
732 2291 841 2343 earum,
869 2272 952 2346 quod
983 2281 1014 2330 et
1040 2290 1131 2330 naves

140 2365 250 2422 habent
276 2361 384 2421 Veneti
412 2363 560 2438 plurimas,
591 2363 696 2439 quibus
724 2362 754 2420 in
782 2361 962 2420 Britanniam
994 2359 1131 2436 navigare

140 2469 326 2530 consuerunt,
349 2469 378 2518 et
406 2457 528 2518 scientia
554 2470 644 2534 atque
671 2478 726 2517 usu
747 2459 931 2518 nauticarum
950 2475 1047 2516 rerum
1067 2457 1132 2516 reli-

141 2577 216 2634 quos
237 2557 415 2617 antecedunt
436 2556 517 2615 etin
541 2575 649 2632 magno
669 2555 782 2632 impetu
809 2555 897 2614 maris
918 2565 1006 2631 atque
1027 2566 1131 2630 aperto

95 2652 242 2739 25paucis
269 2651 401 2728 portibus
428 2650 594 2723 interiectis,
617 2670 692 2727 quos
720 2661 824 2711 tenent
846 2651 913 2726 ipsi,
936 2668 1039 2710 omnes
1060 2651 1129 2722 fere,

141 2747 191 2824 qui
211 2767 248 2808 eo
268 2746 340 2805 mari
360 2746 404 2804 uti
423 2756 611 2818 consuerunt,
627 2747 736 2805 habent
756 2745 921 2822 vectigales.
962 2747 1011 2804 Ab
1031 2743 1078 2804 his
1097 2747 1132 2806 fit

141 2844 256 2904 initium
284 2842 430 2902 retinendi
458 2843 521 2902 Silii
549 2853 638 2919 atque
662 2842 786 2915 Velanii,
809 2844 891 2918 quod
911 2860 962 2917 per
982 2861 1034 2901 eos
1062 2861 1132 2902 suos

141 2961 173 3000 se
206 2939 334 3009 obsides,
366 2957 441 3014 quos
470 2941 578 3000 Crasso
605 2938 763 3013 dedissent,
797 2938 1008 3014 reciperaturos
1035 2937 1132 2998 existi-

141 3037 271 3096 mabant.
314 3038 431 3094 Horum
452 3033 625 3094 auctoritate
645 3032 761 3093 finitimi
779 3033 909 3106 adducti,
924 3044 956 3093 ut
974 3044 1043 3093 sunt
1063 3035 1132 3093 Gal-

95 3138 236 3220 30lorum
249 3132 347 3193 subita
361 3143 390 3192 et
401 3132 556 3208 repentina
568 3131 699 3203 consilia,
714 3133 819 3192 eadem
833 3133 871 3191 de
885 3150 974 3190 causa
986 3129 1131 3190 Trebium

142 3229 398 3304 Terrasidiumque
417 3227 553 3298 retinent,
570 3238 599 3287 et
619 3228 752 3287 celeriter
765 3226 860 3286 missis
878 3227 982 3302 legatis
995 3245 1049 3302 per
1062 3244 1131 3286 suos

142 3327 289 3403 principes
315 3325 391 3384 inter
417 3344 448 3383 se
475 3323 640 3392 coniurant,
662 3321 735 3381 nihil
759 3322 815 3382 nisi
836 3320 987 3382 communi
1007 3321 1131 3384 consilio

143 3434 259 3482 acturos
285 3421 472 3495 eundemque
501 3417 598 3478 omnis
621 3419 755 3477 fortunae
782 3417 892 3477 exitum
920 3434 984 3476 esse
1010 3418 1130 3490 laturos,
