2476 3796
142 184 176 223 12
404 167 472 224 DE
498 165 647 225 BELLO
676 165 870 226 GALLICO

139 318 340 380 resistentibus
366 318 467 380 vineas
494 330 645 395 turresque
678 317 743 396 egit.
788 319 835 379 Illi
869 318 940 380 alias
974 320 1137 397 eruptione

139 427 290 493 temptata,
305 415 377 475 alias
391 415 533 474 cuniculis
551 416 590 474 ad
611 433 746 490 aggerem
764 415 923 491 vineasque
941 414 1015 476 actis
1036 415 1136 494 (cuius

139 509 180 569 rei
201 522 269 569 sunt
289 512 377 586 longe
397 509 563 587 peritissimi
581 510 731 586 Aquitani,
753 522 909 586 propterea
927 512 1010 586 quod
1031 512 1136 572 multis

139 605 212 665 locis
239 607 319 681 apud
346 625 397 665 eos
425 607 552 666 aerariae
579 619 771 683 secturaeque
795 607 885 684 sunt),
907 607 958 667 ubi
978 606 1136 683 diligentia

113 717 128 774 5
140 712 305 761 nostrorum
319 703 392 762 nihil
406 703 451 762 his
465 706 551 764 rebus
565 704 668 780 profici
682 724 769 780 posse
788 704 1002 774 intellexerunt,
1017 706 1136 782 legatos

139 797 178 855 ad
193 798 332 856 Crassum
347 797 467 858 mittunt
481 818 572 875 seque
586 800 617 858 in
631 799 814 859 deditionem
828 811 861 859 ut
874 799 996 876 recipiat
1014 811 1138 876 petunt.-

140 893 259 967 Quare
280 893 434 971 impetrata
453 915 534 954 arma
553 897 669 955 tradere
688 895 758 953 iussi
779 894 897 954 faciunt.
942 916 986 955 22.
1030 898 1136 970 Atque

140 989 171 1047 in
199 1010 235 1050 ea
254 1010 286 1052 re
306 990 438 1050 omnium
460 1002 627 1050 nostrorum
647 990 768 1050 intentis
788 990 893 1050 animis
914 991 971 1049 alia
992 1011 1028 1050 ex
1047 1003 1135 1068 parte

139 1087 244 1163 oppidi
269 1087 467 1159 Adiatunnus,
495 1087 546 1164 qui
578 1107 723 1146 summam
757 1087 872 1164 imperii
904 1090 1031 1159 tenebat,
1062 1108 1133 1148 curn

96 1195 131 1232 10
140 1184 283 1245 sexcentis
296 1184 420 1255 devotis,
436 1203 510 1261 quos
524 1183 565 1243 illi
580 1185 725 1243 soldurios
740 1185 889 1260 appellant
905 1183 1042 1260 (quorum
1057 1185 1134 1242 haec

59 1304 63 1311 ·
139 1292 184 1340 est
210 1280 356 1351 condici0,
378 1290 410 1339 ut
437 1280 575 1340 omnibus
603 1279 634 1338 in
661 1279 722 1339 vita
742 1279 906 1339 commodis
927 1299 987 1338 una
1007 1299 1076 1338 cum
1096 1279 1134 1338 iis

138 1378 270 1435 fruantur
282 1396 408 1452 quorum
423 1397 455 1436 se
468 1375 614 1436 amicitiae
629 1376 804 1448 dediderint,
821 1377 844 1435 si
859 1375 931 1452 quid
945 1375 990 1436 his
1004 1396 1057 1453 per
1071 1375 1133 1435 vim

139 1472 263 1545 accidat,
284 1484 335 1531 aut
362 1474 492 1532 eundem
519 1492 621 1532 casum
649 1492 718 1531 una·
735 1473 829 1531 ferant
857 1482 907 1531 aut
929 1471 985 1532 sibi
1006 1483 1133 1532 mortem

139 1569 323 1628 consciscant
333 1589 342 1641 3
365 1587 462 1644 neque
481 1569 579 1627 adhuc
597 1567 752 1626 hominum
774 1567 917 1626 memoria
937 1578 1068 1643 repertus
1087 1579 1133 1627 est

96 1687 129 1744 15
141 1665 305 1742 quisquam,
326 1665 376 1740 qui
397 1685 434 1725 eo
452 1665 615 1735 interfecto,
635 1665 718 1724 cuius
740 1684 771 1724 se
790 1664 935 1724 amicitiae
954 1664 1130 1735 devovisset,

141 1760 215 1819 mori
234 1759 412 1838 recusaret):
439 1780 507 1819 cum
534 1760 579 1820 his
606 1760 794 1819 Adiatunnus
822 1760 1007 1837 eruptionem
1034 1762 1133 1821 facere

140 1866 272 1926 conatus
294 1858 422 1916 clamore
449 1859 488 1916 ab
512 1876 549 1915 ea
568 1868 651 1933 parte
671 1856 844 1933 munitionis
865 1858 981 1917 sublato
1002 1876 1070 1916 curn
1092 1858 1131 1916 ad

140 1970 220 2009 arma
247 1950 354 2010 milites
381 1951 596 2012 concurrissent
623 1955 871 2028 vehementerque
899 1953 940 2012 ibi
967 1964 1132 2030 pugnatum

140 2058 226 2120 esset,
251 2049 383 2124 repulsus
410 2045 441 2106 in
468 2047 614 2125 oppidum
642 2059 739 2106 tamen
768 2048 811 2107 uti
839 2049 943 2108 eadem
971 2047 1132 2109 deditionis

94 2143 316 2204 20condicione
339 2155 469 2204 uteretur
488 2165 506 2205 a
527 2148 635 2206 Crasso
656 2145 830 2221 impetravit.
875 2165 920 2220 23.
963 2146 1059 2205 Armis
1081 2147 1132 2206 ob

140 2242 311 2318 sidibusque
326 2243 455 2319 acceptis
470 2245 593 2304 Crassus
607 2242 637 2300 in
651 2244 724 2302 fines
735 2241 892 2302 Vocatium
904 2253 934 2302 et
944 2241 1131 2302 Tarusatium

139 2338 288 2412 profectus
302 2347 355 2397 est.
397 2338 475 2396 Tum
490 2357 560 2397 vero
579 2334 694 2397 barbari
713 2337 863 2406 commoti,
884 2337 965 2412 quod
986 2337 1131 2413 oppidum

140 2443 170 2491 et
188 2441 292 2490 natura
309 2432 368 2490 loci
389 2444 419 2490 et
437 2452 526 2491 manu
545 2432 692 2491 munitum
711 2432 814 2508 paucis
833 2432 945 2504 diebus
966 2432 1072 2509 quibus
1095 2452 1132 2492 eo

139 2542 261 2589 ventum
294 2540 363 2600 erat,
392 2539 591 2606 expugnatum
624 2540 832 2604 cognoverant,
867 2530 978 2606 legatos
1012 2547 1132 2604 quoque

94 2645 239 2703 25versus
267 2625 421 2699 dimittere,
444 2625 603 2694 coniurare,
626 2625 745 2684 obsides
765 2623 842 2684 inter
869 2645 901 2684 se
928 2626 1005 2698 dare,
1029 2624 1132 2700 copias

139 2740 242 2798 parare
259 2733 428 2799 coepemnt.
471 2722 630 2782 Mittuntur
650 2721 739 2782 etiam
758 2721 797 2780 ad
816 2741 865 2781 eas
883 2721 1016 2781 civitates
1033 2720 1131 2796 legati,

139 2836 216 2893 quae
235 2828 303 2876 sunt
321 2816 462 2878 citerioris
478 2817 645 2894 Hispaniae
666 2817 818 2877 finitumae
839 2816 1033 2894 Aquitaniae:
1060 2815 1132 2876 inde

138 2912 245 2972 auxilia
258 2916 408 2990 ducesque
422 2927 613 2974 arcessuntur.
657 2916 791 2990 Quorum
805 2915 935 2974 adventu
946 2932 1132 2989 magnacum

139 3010 313 3070 auctoritate
339 3020 370 3069 et
396 3028 504 3085 magna
529 3029 597 3069 cum
623 3010 778 3069 hominum
804 3008 992 3069 multitudine
1020 3009 1132 3068 bellum

93 3132 129 3188 30
139 3127 238 3185 gerere
265 3116 416 3166 conantur.
460 3109 560 3166 Duces
580 3125 651 3166 vero
671 3105 692 3165 ii
712 3105 888 3181 deliguntur,
910 3103 961 3181 qui
982 3122 1131 3163 unacum

140 3205 177 3278 Q.
193 3201 320 3263 Sertorio
335 3221 439 3261 omnes
452 3221 547 3262 annos
561 3204 676 3262 fuerant
694 3219 899 3276 summamque
918 3198 1071 3259 scientiam
1089 3200 1132 3259 rei

138 3297 269 3358 militaris
296 3298 403 3358 habere
431 3296 676 3357 existimabantur.
721 3295 766 3354 Hi
794 3295 1007 3355 consuetudine
1028 3296 1132 3372 populi

141 3393 271 3456 Romani
298 3395 365 3453 loca
384 3411 498 3469 capere,
519 3405 616 3453 castra
635 3390 757 3464 munire,
780 3392 994 3451 commeatibus
1014 3401 1132 3452 nostros
