2476 3796
299 244 303 254 =
377 212 463 271 ΠΒ.
488 211 515 273 Ι.
571 161 661 270 ΟᾸΡ.
688 224 814 285 17-20.
1058 226 1092 268 11

95 349 185 415 atque
213 338 335 398 honoris
366 337 404 399 sit
435 338 594 398 restitutus,
637 336 668 398 Si
698 337 771 412 quid
798 335 915 397 accidat
942 335 1115 411 Romanis,

95 452 240 493 summam
265 433 296 493 in
318 454 404 511 spem
427 454 480 511 per
504 432 661 494 Helvetios
688 432 771 510 regni
799 432 953 493 obtinendi
980 431 1098 509 venire3

94 530 221 608 imperio
245 531 350 608 populi
375 529 507 591 Romani
531 550 593 590 non
621 530 714 589 modo
743 530 784 609 de·
808 549 907 606 reguo,
934 531 989 589 sed
1009 529 1098 589 etiam

94 628 190 701 deca,
214 646 303 702 quam
318 628 435 700 habeat,
447 625 541 704 gratia
558 629 721 704 desperare.
765 626 946 702 Reperiebat
959 626 1050 686 etiam
1066 625 1098 684 in

95 726 266 800 quaerendo
285 727 402 799 Caesar,
419 726 501 802 quod
515 723 662 801 proelium
676 736 814 800 equestre
824 725 981 783 adversum
994 722 1097 800 paucis
1131 742 1147 802 5

94 831 164 880 ante
179 820 284 881 dicbus
300 833 377 881 essct
392 824 512 895 factum,
528 822 646 882 initium
663 821 725 881 eius
746 823 832 897 fugae
846 823 957 880 factum
970 841 989 880 a
1003 823 1098 879 Dum-

95 916 196 993 norige
219 928 309 991 atque
334 917 397 978 eius
425 917 573 994 equitibus
597 917 680 997 (nam
702 917 854 992 equitatui,
877 934 967 991 quem
989 917 1098 976 auxilio

95 1011 215 1072 Caesari
235 1011 334 1079 Aedui
352 1011 502 1089 miserant,
520 1013 687 1073 Dumnorix
711 1011 873 1090 praeerat):
905 1031 1007 1071 eorum
1030 1015 1099 1088 suga

93 1108 240 1184 reliquum
251 1130 315 1170 esse
327 1111 491 1185 equitatum
501 1111 694 1187 perterritum.
731 1131 775 1187 19.
808 1112 924 1186 Quibus
933 1112 1020 1171 rebus
1031 1130 1098 1188 cog-

94 1205 170 1280 uitis,
183 1226 252 1265 cum
263 1207 301 1266 ad
312 1208 365 1267 has
374 1207 557 1285 suspiciones
572 1208 751 1268 certissimae
759 1229 805 1268 res
814 1210 998 1281 accederent,
1015 1209 1098 1284 quod
1114 1234 1150 1271 10

94 1322 146 1379 per
169 1305 243 1363 fines
262 1307 467 1381 Sequanorum
489 1305 646 1367 Helvetios
665 1307 849 1382 traduxisset,
875 1309 957 1384 quod
978 1308 1097 1367 obsides

94 1399 169 1461 inter
179 1421 231 1462 eos
246 1405 362 1462 dandos
376 1393 512 1476 curasset,
529 1406 612 1481 quod
627 1425 663 1464 ea
677 1406 778 1465 omnia
792 1426 852 1466 non
872 1407 965 1466 modo
983 1405 1097 1465 iniussu

95 1519 148 1560 suo
170 1510 200 1560 et
224 1501 359 1574 civitatis,
374 1503 428 1561 sed
452 1502 542 1561 etiam
564 1502 758 1563 inscientibus
779 1503 849 1582 ipsis
870 1503 995 1576 fecisset,
1015 1505 1098 1579 quod

94 1619 112 1658 a
128 1587 297 1677 magistratu
320 1601 494 1660 Aeduorum
514 1613 707 1674 accusaretur,
724 1602 793 1661 satis
815 1621 879 1662 esse
900 1621 1007 1661 causae
1026 1601 1099 1661 arbi·

94 1699 232 1772 trabatur,
243 1717 334 1774 quare
349 1698 380 1757 in
391 1718 460 1758 eum
474 1710 525 1758 aut
534 1698 598 1775 ipse
612 1700 866 1775 animadverteret,
884 1711 936 1759 aut
950 1699 1098 1759 civitatem
1115 1719 1148 1778 15

93 1796 325 1857 animadvertere
339 1797 459 1856 iuberet
503 1797 561 1856 His
582 1798 719 1857 omuibus
736 1799 824 1858 rebus
845 1819 938 1858 uuum
958 1819 1099 1876 repugna-

93 1894 153 1967 bat,
172 1896 255 1971 quod
273 1894 413 1954 Divitiaci
433 1895 527 1955 fratris
546 1915 694 1955 summum
710 1896 742 1954 in
760 1899 904 1973 populum
927 1900 1099 1957 Romanum

93 1992 233 2067 studium,
254 2011 402 2051 summam
419 1992 451 2051 in
469 2013 500 2053 se
520 1995 713 2068 voluntatem,
742 1996 887 2071 egregiam
906 1997 1005 2068 fidem,
1021 1996 1101 2055 iusti·
1166 2051 1167 2055 ,

93 2091 173 2167 tiam,
206 2092 433 2169 temperantiam
460 2103 660 2169 cognoverat:
690 2111 768 2164 nam,
796 2112 834 2151 ne
862 2093 925 2152 eius
953 2094 1099 2170 supplicio

98 2189 236 2249 Divitiaci
250 2189 382 2249 animum
397 2191 568 2263 offenderet,
583 2192 749 2250 verebatur.
783 2193 890 2268 Itaque
904 2191 993 2269 prius,
1010 2212 1099 2268 quam
1114 2223 1151 2260 20

94 2287 254 2366 quicquam
282 2299 445 2363 conaretur,
475 2288 656 2348 Divitiacum
694 2290 734 2349 ad
768 2310 800 2349 se
829 2291 928 2350 vocari
958 2291 1039 2351 iubet
1071 2304 1121 2352 et·

94 2385 251 2446 cotidianis
265 2384 473 2462 interpretibus
491 2386 613 2446 remotis
632 2406 686 2463 per
703 2389 736 2448 C.
757 2388 909 2447 Valerium
929 2389 1097 2461 Procillum,

94 2483 261 2562 principem
284 2483 398 2545 Galliae
426 2483 605 2561 provinciae,
634 2483 818 2544 familiarem*
836 2505 932 2557 suum,
954 2485 1002 2544 cui
1024 2506 1100 2544 sum-

93 2605 174 2644 mam
195 2582 329 2645 omnium
356 2603 453 2643 rerum
479 2585 570 2642 fidem
592 2584 729 2657 habebat,
754 2604 823 2643 cum
845 2605 881 2644 eo
902 2584 1096 2660 colloquitur:

93 2683 180 2742 simul
194 2680 432 2755 commonefacit,
448 2701 525 2758 quae
547 2680 615 2757 ipso
633 2681 837 2757 praesentem
856 2681 982 2741 concilio
1001 2683 1100 2743 Gallo·
1114 2707 1128 2743 2
1133 2703 1149 2763 5

92 2803 158 2842 rum
180 2783 219 2842 de
242 2781 426 2857 Dumnorige
450 2780 508 2840 sint
530 2779 618 2850 dicta,
637 2790 667 2839 et
688 2779 825 2854 ostendit,
842 2799 919 2855 quae
941 2779 1099 2857 separatim

94 2879 219 2957 quisque
233 2881 272 2939 de
287 2898 324 2938 eo
338 2880 420 2955 apud
434 2898 465 2937 se
480 2875 592 2936 dixerit.
636 2875 716 2936 Petit
730 2889 820 2953 atque
835 2879 974 2951 hortatur,
989 2890 1022 2938 ut
1036 2877 1099 2938 sine

94 2977 155 3038 eius
179 2975 343 3037 offensione
365 2975 456 3035 animi
471 2978 519 3034 vel
537 2975 603 3052 ipse
621 2976 661 3036 de
677 2994 714 3034 eo
733 2996 823 3035 causa
839 2976 958 3053 cognita
981 2989 1098 3050 statuat,

92 3076 140 3135 vel
157 3073 307 3134 civitatem
328 3085 454 3133 statuere
476 3072 585 3133 iubeat.
631 3093 676 3132 20.
720 3073 884 3133 Divitiacus
908 3073 1008 3135 multis
1032 3095 1100 3134 curn

93 3170 219 3232 lacrimis
248 3173 406 3232 Caesarem
434 3172 607 3247 complexus
640 3172 795 3231 obsecrare
822 3171 929 3249 coepit,
960 3193 998 3233 ne
1028 3174 1100 3249 quid
1113 3196 1152 3252 30

93 3271 208 3348 gravius
234 3269 267 3328 in
290 3272 408 3330 fratrem
437 3280 597 3331 statueret:
622 3269 702 3329 Scire
726 3289 759 3329 se
786 3269 838 3331 illa
858 3291 923 3331 esse
944 3292 1021 3346 vera,
1044 3293 1100 3333 nec
1128 3348 1131 3354 ¹

93 3387 275 3444 quemquam
299 3387 336 3427 ex
360 3387 397 3429 eo
421 3370 600 3445 plusquam
621 3387 654 3428 se
674 3368 786 3429 doloris
807 3390 926 3446 capere,
944 3383 1115 3446 propterea

93 3469 185 3544 quod,
213 3466 365 3547 cumipse
391 3467 486 3548 gratia
511 3466 680 3551 plurimum
706 3468 798 3534 donii
824 3481 924 3546 atque
943 3465 990 3523 'm
1009 3462 1147 3529 new*

1007 3571 1098 3617 γ’).
