2476 3796
390 217 477 277 ΠΒ.
499 218 527 276 I.
576 217 665 277 CAP.
689 230 818 293 44—49.
1060 231 1101 290 ‘29

99 340 271 404 hominibus
289 342 357 405 feris
378 343 563 405 obiecturum
580 341 773 404 existimabat.
816 336 1102 403 Commodissimum

100 440 197 500 visum
220 452 265 502 est
293 441 403 503 Gaium
429 441 581 502 Valerium
609 441 778 517 Procillum,
801 443 837 502 C.
860 438 960 499 Valeri
987 437 1128 513 Caburi,

67 538 71 544 '
100 537 202 611 filium,
230 557 346 599 summa
372 539 479 598 virtute
504 550 533 599 et
556 536 738 598 humanitate
760 538 991 610 adulescentem,
1017 534 1101 596 cuius

100 643 184 710 pater
197 653 215 693 a
230 633 306 695 Gaio
319 635 438 694 Valerio
454 636 563 695 Flacco
577 632 695 694 civitate
710 634 838 693 donatus
853 644 922 708 erat,
938 643 968 692 et
981 642 1102 709 propter

101 729 192 789 fidem
220 740 251 790 et
277 741 397 808 propter
423 729 541 807 linguae
569 729 701 791 Gallicae
729 727 891 801 scientiam,
921 747 981 804 qua
1008 728 1102 787 multa
1135 745 1150 803 5

101 825 160 885 iam
181 826 346 887 Ariovistus
363 826 525 903 longinqua
539 824 755 886 consuetudine
768 827 912 900 utebatur,
928 836 959 885 et
972 824 1055 901 quod
1068 823 1100 883 in

101 941 138 981 eo
158 922 304 998 peccandi
325 923 479 983 Germanis
500 941 590 982 causa
609 941 672 981 non
693 933 779 996 esset,
799 922 839 981 ad
858 941 926 982 eum
940 921 1057 984 mittere
1071 933 1101 983 et

103 1020 240 1079 Marcum
275 1020 410 1095 Metium,
440 1019 492 1096 qui
525 1019 656 1096 hospitio
682 1018 823 1080 Ariovisti
850 1021 997 1081 utebatur.
1042 1020 1101 1081 His

101 1117 262 1192 mandavit,
276 1128 318 1192 ut,
334 1137 410 1194 quae
429 1118 541 1179 diceret
554 1118 727 1193 Ariovistus
742 1131 957 1196 cognoscerent
972 1130 1002 1181 et
1014 1121 1054 1180 ad
1069 1139 1101 1180 se

101 1216 248 1275 referrent.
292 1216 377 1290 Quos
396 1235 466 1275 cum
479 1215 560 1291 apud
575 1234 606 1274 se
620 1215 652 1274 in
666 1214 767 1275 castris
781 1214 946 1276 Ariovistus
960 1237 1102 1294 conspex-
1117 1230 1152 1267 10

102 1312 180 1386 isset,
212 1312 341 1372 exercitu
374 1332 429 1372 suo
462 1323 618 1389 praesente
645 1310 859 1374 conclamavit:
902 1312 974 1390 quid
1001 1315 1042 1374 ad
1069 1335 1101 1374 se

101 1408 258 1481 venirent?
284 1429 322 1468 an
340 1409 513 1486 speculandi
531 1412 645 1468 causa?
671 1409 817 1470 Conantis
837 1408 936 1469 dicere
949 1410 1102 1485 prohibuit

103 1503 177 1564 etin
197 1515 317 1564 catenas
338 1503 473 1564 coniecit.
516 1507 563 1577 48.
607 1505 725 1565 Eodem
739 1505 789 1565 die
802 1516 897 1565 castra
910 1505 1059 1581 promovit
1072 1517 1102 1566 et

103 1600 221 1661 milibus
235 1620 377 1677 passuum
391 1620 444 1660 sex
465 1621 483 1660 a
500 1601 635 1662 Caesaris
652 1600 754 1661 castris
768 1603 823 1662 sub
837 1613 940 1663 monte
955 1605 1099 1665 consedit.

102 1697 248 1758 Postridie
266 1697 329 1757 eius
350 1697 409 1758 diei
429 1709 545 1774 praeter
565 1709 659 1758 castra
680 1699 815 1760 Caesaris
836 1719 903 1759 suas
925 1700 1027 1777 copias
1048 1712 1103 1760 tra·
1117 1718 1150 1776 15

103 1794 187 1856 duxit
201 1805 230 1855 et
246 1793 364 1854 milibus
385 1814 526 1871 passuum
545 1796 662 1857 duobus
681 1797 758 1856 ultra
779 1816 848 1856 eum
862 1808 957 1856 castra
971 1796 1049 1866 fecit,
1064 1818 1101 1859 eo

103 1891 235 1965 consilio,
257 1890 301 1950 uti
327 1893 476 1951 frumento
497 1902 733 1968 commeatuque,
756 1892 808 1969 qui
835 1912 873 1952 ex
901 1894 1044 1970 Sequanis
1073 1906 1102 1955 et

103 1988 217 2049 Aeduis
238 1999 466 2065 supportaretur,
488 1990 647 2049 Caesarem
667 1990 883 2050 intercluderet.
928 1993 1032 2051 Exeo
1054 1992 1102 2053 die

105 2086 169 2146 dies
189 2085 346 2147 continuos
368 2085 499 2162 quinque
521 2087 631 2146 Caesar
647 2105 702 2162 pro
722 2086 823 2146 castris
842 2105 910 2145 suas
924 2087 1024 2163 copias
1038 2107 1103 2164 pro·
1196 2144 1206 2160 ‚

104 2181 188 2242 duxit
209 2193 238 2242 et
266 2180 360 2240 aciem
381 2181 553 2240 instructam
573 2181 685 2253 habuit,
707 2191 749 2254 ut,
771 2180 796 2240 si
822 2182 911 2241 vellet
938 2182 1102 2242 Ariovistus
1117 2203 1153 2241 20

104 2276 217 2354 proelio
231 2277 421 2350 contendere,
437 2275 465 2336 ei
478 2287 609 2353 potestas
626 2296 688 2336 non
703 2277 828 2337 deesset.
870 2275 1035 2347 Ariovistus
1056 2279 1102 2338 his

105 2372 243 2434 omnibus
257 2373 362 2433 diebus
376 2372 537 2433 exercitum
556 2373 658 2433 castris
676 2372 831 2446 continuit,
847 2373 975 2450 equestri
988 2373 1102 2450 proelio

104 2470 215 2531 cotidie
228 2469 390 2531 contendit.
433 2472 537 2531 Genus
549 2473 609 2531 hoc
622 2482 684 2530 erat
698 2488 824 2548 pugnae,
840 2490 900 2547 quo
916 2490 947 2530 se
962 2471 1104 2531 Germani

105 2577 301 2627 exercuerant.
354 2567 496 2643 Equitum
523 2566 604 2626 milia
632 2578 714 2627 erant
741 2586 800 2641 sex,
828 2567 955 2626 totidem
979 2585 1103 2626 numero

105 2662 220 2739 pedites
233 2659 411 2720 velocissimi
424 2680 460 2720 ac
473 2661 632 2733 fortissimi,
648 2680 723 2737 quos
736 2680 775 2730 ex
788 2660 871 2720 omni
890 2659 978 2736 copia
996 2660 1103 2739 singuli
1118 2684 1131 2721 2
1137 2680 1152 2739 5

105 2758 236 2836 singulos
251 2775 322 2817 suae
343 2756 443 2817 salutis
460 2777 549 2817 causa
568 2758 756 2834 delegerant:
783 2777 852 2817 cum
868 2757 914 2817 his
933 2757 965 2817 in
984 2758 1103 2835 proeliis

106 2853 302 2914 versabantur.
345 2853 397 2912 Ad
423 2870 475 2912 eos
503 2872 536 2915 se
555 2853 671 2929 equites
692 2852 894 2929 recipiebant:
922 2853 960 2928 hi,
986 2853 1104 2929 siquid

105 2960 168 3010 erat
189 2948 298 3023 durius,
320 2949 542 3021 concurrebant,
566 2949 591 3008 si
615 2949 667 3026 qui
687 2950 819 3027 graviore
839 2951 960 3010 vulnere
979 2961 1104 3027 accepto

106 3064 186 3122 equo
204 3043 363 3118 deciderat,
380 3045 634 3106 circumsistebant
643 3066 651 3119 ς
676 3045 701 3107 si
722 3065 783 3122 quo
801 3055 863 3104 erat
880 3044 996 3122 longius
1016 3046 1104 3122 prod·

106 3144 239 3202 eundum
258 3152 308 3201 aut
326 3141 449 3202 celerius
469 3142 681 3219 recipiendum,
698 3153 780 3201 tanta
800 3152 862 3202 erat
876 3143 983 3202 horum
998 3143 1104 3202 exerci-
1116 3172 1155 3227 30

107 3239 219 3299 tatione
239 3239 379 3313 celeritas,
395 3251 429 3299 ut
449 3240 525 3300 iubis
546 3260 689 3316 equorum
711 3240 855 3301 sublevati
876 3260 996 3299 cursum
1017 3242 1104 3301 adae-

105 3345 238 3413 quarent.
281 3355 328 3412 49.
371 3337 433 3397 Ubi
452 3357 521 3397 eum
540 3337 641 3398 castris
660 3358 692 3398 se
706 3349 808 3398 tenere
822 3340 934 3399 Caesar
947 3337 1099 3419 intellexit,

106 3452 146 3493 ne
160 3431 269 3494 diutius
283 3444 451 3494 commeatu
467 3434 683 3512 prohiberetur,
697 3437 778 3495 ultra.
792 3455 870 3496 eum
875 3437 1000 3501 locum,
1009 3437 1132 3503 opem
