2476 3796
158 193 175 248 a
419 188 487 246 DE
512 183 661 245 Burro
690 181 884 244 erarico
939 149 942 155 ’

155 345 260 403 frustra
279 352 394 402 tantum
414 342 546 400 laborem
566 334 642 398 sumi
662 354 760 412 neque
779 333 909 395 hostium
928 334 1029 408 sugam
1052 327 1149 407 captis

154 438 272 515 oppidis
289 437 409 514 reprimi
426 453 523 510 neque
541 434 576 494 iis
590 432 690 493 noceri
703 450 800 509 posse,
817 429 917 490 statuit
931 427 1148 504 expectandam

153 538 286 596 classem.
329 538 414 612 Quae
434 534 487 594 ubi
507 530 647 593 convenit
666 549 702 590 ac
722 528 850 607 primum
870 528 908 586 ab
928 524 1063 586 hostibus
1083 522 1148 583 visa

82 689 84 704 ,
153 643 207 706 est,
229 631 342 691 circiter
368 646 451 690 ccxx
477 648 568 688 naves
595 647 698 688 eorum
724 623 926 702 paratissimae
952 632 1042 697 atque
1062 620 1146 680 omni

126 746 260 808 5genere
286 746 432 786 armorum
461 724 665 785 ornatissimae
691 723 840 799 profectae
868 724 905 779 e'x
931 731 1018 794 portu
1038 716 1146 776 nostris

151 822 292 881 adversae
306 820 499 881 constiterunt
503 843 512 894 3
527 838 625 895 neque
638 819 707 878 satis
723 820 821 888 Bruto,
838 813 890 890 qui
903 812 988 872 classi
1002 823 1145 888 praeerat,

150 920 197 977 vel
210 917 335 978 tribunis
348 916 475 977 militum
488 916 775 990 centurionibusque,
788 912 895 989 quibus
908 907 1040 985 singulae
1054 928 1145 970 naves

151 1025 235 1074 erant
248 1014 423 1090 adtributae,
439 1013 597 1074 constabat
611 1012 683 1089 quid
697 1021 817 1088 agerent
831 1019 883 1069 aut
895 1027 985 1083 quam
999 1003 1144 1065 rationem

150 1128 267 1186 pugnae
287 1110 475 1171 insisterent.'
505 1112 616 1169 Rostro
636 1107 717 1168 enim
737 1105 837 1166 noceri
857 1125 918 1164 non
932 1120 1021 1180 posse
1035 1121 1145 1178 cogno·

106 1219 265 1277 roverant;
279 1209 405 1268 turribus
418 1219 519 1267 autem
533 1206 665 1267 excitatis
680 1217 780 1265 tamen
793 1205 846 1263 has
860 1202 984 1262 altitudo
998 1199 1143 1276 puppium

149 1322 186 1362 ex
208 1304 339 1365 barbaris
360 1305 483 1363 navibus
504 1305 671 1380 superabat,
692 1313 724 1361 ut
745 1320 842 1376 neque
863 1320 900 1359 ex
919 1297 1054 1357 inferiore
1074 1298 1143 1356 loco

148 1398 219 1457 satis
237 1400 397 1458 commode
416 1402 474 1459 tela
492 1398 570 1475 adigi
584 1408 708 1476 possent
722 1407 752 1457 et
765 1396 854 1455 missa
868 1397 906 1455 ab
921 1392 1013 1455 Gallis
1027 1391 1142 1468 gravius

148 1493 324 1554 acciderent.
367 1497 438 1556 Una
459 1506 520 1555 erat
538 1515 647 1572 magno
660 1493 727 1554 usui
744 1513 790 1553 res
808 1500 980 1569 praeparata
992 1509 1011 1548 a
1024 1489 1141 1561 nostris

148 1590 237 1648 falces
250 1602 426 1666 praeacutae
444 1588 571 1651 insertae
589 1593 763 1667 adfixaeque
776 1588 924 1666 longuriis,
939 1607 1000 1646 non
1015 1586 1142 1646 absimili

104 1703 136 1761 15
147 1686 242 1744 forma
260 1687 414 1746 muralium
433 1688 561 1746 falcium.
605 1687 663 1747 His
677 1708 744 1747 cum
759 1688 852 1759 funeS,
867 1685 917 1762 qui
930 1695 1084 1743 antemnas
1102 1683 1140 1742 ad

148 1783 242 1840 malos
270 1782 464 1857 destinabant,
487 1783 683 1860 conprehensi
706 1782 887 1858 adductique
909 1793 999 1854 erant,
1023 1778 1141 1856 navigio

146 1876 233 1936 remis
247 1877 368 1939 incitato
382 1881 672 1956 praerumpebantur.
709 1875 825 1954 Quibus
839 1875 974 1936 abscissis
982 1887 1141 1937 antemnae

146 1975 312 2036 necessario
325 1977 531 2051 concidebant,
547 1989 586 2052 ut,
604 1997 673 2035 cum
688 1977 784 2036 omnis
798 1975 918 2036 Gallicis
932 1973 1056 2033 navibus
1070 1992 1139 2050 spes

145 2071 176 2130 in
196 2071 269 2131 velis
289 2073 537 2148 armamentisque
557 2072 738 2143 consisteret,
757 2071 803 2129 his
824 2068 931 2146 ereptis
952 2069 1048 2128 omnis
1068 2088 1139 2128 usus

99 2187 135 2223 20
146 2167 265 2226 navium
286 2188 347 2227 uno
368 2178 501 2244 tempore
522 2168 687 2245 eriperetur.
729 2165 890 2242 Reliquum
909 2175 969 2224 erat
988 2175 1139 2224 certamen

144 2262 274 2338 positum
301 2262 333 2322 in
360 2263 474 2336 virtute,
497 2284 555 2341 qua
583 2263 676 2324 nostri
702 2262 809 2322 milites
836 2261 922 2321 facile
951 2262 1137 2336 superabant,

143 2367 233 2433 atque
260 2377 297 2417 eo
317 2357 419 2434 magis,
440 2361 522 2435 quod
541 2359 573 2418 in
594 2370 756 2436 conspectu
777 2357 910 2418 Caesaris
930 2370 1020 2434 atque
1040 2357 1138 2417 omnis

144 2451 288 2511 exercitus
301 2472 348 2512 res
361 2454 523 2531 gerebatur,
533 2466 566 2514 ut
579 2457 692 2514 nullum
705 2457 796 2531 paulo
809 2453 912 2513 fortius
926 2456 1036 2512 sactum
1046 2455 1137 2513 latere

145 2559 265 2624 posset3
293 2569 397 2609 omnes
424 2550 505 2610 enim
532 2553 623 2611 colles
650 2571 686 2610 ac
706 2549 951 2627 locasuperiora‚
973 2550 1054 2609 unde
1075 2560 1137 2609 erat

96 2645 325 2722 25propinquus
358 2647 516 2722 despectus
552 2648 583 2706 in
610 2667 699 2720 mare,
728 2649 767 2707 ab
795 2646 923 2706 exercitu
949 2648 1134 2704 tenebantur.

147 2757 191 2816 15.
233 2740 382 2814 Disiectis‚
397 2753 430 2803 ut
450 2741 584 2817 diximus
602 2743 749 2803 antemnis
768 2762 837 2802 cum
856 2741 984 2817 singulas
997 2741 1086 2800 binae
1100 2759 1136 2799 ac

143 2848 243 2897 ternae
257 2857 347 2898 naves
361 2838 620 2910 circumsteterant,
636 2839 743 2900 milites
757 2859 873 2898 summa
885 2838 915 2897 vi
928 2837 1136 2897 transcendere
1150 2817 1156 2834 ’

140 2930 172 2990 in
197 2932 325 2992 hostium
345 2939 436 2994 naves
457 2937 686 2995 contendebant.
729 2937 820 3011 Quod
840 2947 998 3012 postquam
1019 2933 1137 2993 barbari

139 3027 203 3086 fieri
222 3027 499 3101 animadverterunt,
515 3030 687 3106 expugnatis
708 3031 898 3106 conpluribus
918 3029 1050 3101 navibus,
1066 3048 1135 3089 cum

93 3144 131 3199 30
141 3124 168 3185 ei
198 3123 241 3184 rei
271 3126 384 3184 nullum
410 3126 584 3202 reperiretur
610 3126 758 3199 auxilium,
785 3128 856 3205 fuga
882 3129 1006 3187 salutem
1033 3138 1135 3203 petere

140 3219 364 3278 contenderunt.
406 3222 455 3278 Ac
474 3220 534 3278 iarn
555 3221 703 3281 conversis
722 3221 754 3280 in
775 3241 842 3281 eam
862 3233 977 3298 partem
997 3220 1131 3298 navibus,

140 3332 201 3391 quo
227 3324 334 3372 ventus
353 3314 473 3385 ferebat,
494 3325 577 3374 tanta
601 3315 699 3375 subito
725 3316 850 3376 malacia
877 3335 912 3375 ac
940 3314 1135 3392 tranquillitas

140 3407 257 3482 exstitit,
288 3417 321 3467 ut
347 3426 379 3467 se
406 3426 443 3467 ex
469 3409 537 3468 loco
564 3429 754 3470 commovere
782 3429 845 3471 non
872 3421 1004 3487 possent.
1047 3411 1135 3485 Quae
