2476 3796
395 234 482 294 LIB.
505 235 531 293 I.
579 233 670 294 cAP.
698 247 782 310 1—5.
1067 250 1085 306 3

86 362 203 435 Aeduo,
232 359 312 422 fratri
339 361 488 434 Divitiaci,
518 360 570 439 qui
597 358 634 423 eo
661 372 795 439 tempore
823 359 1020 440 principatum
1053 359 1086 420 in

87 458 204 518 civitate
225 458 378 519 obtinebat
399 479 435 519 ac
455 458 583 520 maxime
603 459 684 537 plebi
704 468 844 535 acceptus
865 470 934 534 erat,
950 470 983 520 ut
1003 460 1085 519 idem

86 567 248 630 conaretur,
264 557 429 634 persuadet,
444 557 531 634 eique
544 556 636 615 filiam
647 575 730 616 suam
744 555 776 615 in
789 555 1009 617 matrimonium
1023 558 1081 617 dat

87 652 229 712 Perfacile
249 654 329 712 factu
351 673 415 714 esse
436 653 493 717 illis
513 653 619 731 probat
640 664 747 713 conata
767 655 915 729 perficere,
930 666 1085 731 propterea

86 751 168 827 quod
196 751 260 826 ipse
287 769 358 810 suae
379 750 505 811 civitatis
526 750 683 827 imperium
705 751 879 811 obtenturus
901 763 995 811 esset:
1023 770 1084 811 non
1117 769 1133 828 5

86 866 150 907 esse
165 847 298 917 dubium,
314 845 386 923 quin
401 846 491 907 totius
506 846 620 907 Galliae
628 846 787 923 plurimum
804 847 934 907 Helvetii
948 859 1081 924 possent3

86 965 118 1004 se
145 943 205 1004 suis
233 943 326 1020 copiis
354 963 468 1020 suoque
501 943 630 1004 exercitu
658 943 713 1002 illis
742 962 832 1019 regna
859 943 1084 1028 conciliaturum

86 1040 247 1098 confirmat
292 1042 364 1099 Hac
377 1039 510 1100 oratione
525 1038 647 1099 adducti
661 1039 738 1099 inter
751 1058 782 1098 se
796 1039 887 1098 fidem
902 1050 930 1099 et
944 1039 1085 1099 iusiuran-

86 1136 158 1195 dum
186 1136 259 1195 da'nt
287 1147 316 1196 et
342 1156 434 1213 regno
462 1147 608 1213 occupato
634 1156 688 1213 per
715 1147 773 1196 tres
800 1135 1021 1213 potentissimos
1048 1156 1084 1196 ac

84 1233 268 1294 firmissimos
288 1235 415 1311 populos
434 1233 524 1293 totius
542 1232 657 1293 Galliae
671 1251 736 1293 sese
749 1232 837 1310 potiri
851 1251 940 1309 posse
954 1242 1080 1308 sperant.
1099 1253 1134 1291 10

85 1349 112 1402 4.
156 1332 202 1390 Ea
222 1348 268 1390 res
289 1341 334 1389 est
356 1329 502 1390 Helvetiis
520 1350 574 1407 per
587 1328 730 1389 indicium
744 1329 902 1390 enuntiata
948 1330 1083 1390 Moribus

79 1425 146 1487 suis
180 1426 383 1504 Orgetorigem
412 1446 448 1486 ex
480 1426 606 1486 vinculis
641 1445 760 1485 causam
788 1425 887 1486 dicere
914 1429 1080 1503 coegerunt.

86 1527 268 1585 Damnatum
295 1543 423 1601 poenam
452 1523 536 1599 sequi
564 1524 727 1600 oportebat,
749 1532 783 1582 ut
810 1522 870 1600 igni
898 1535 1081 1584 cremaretur.

85 1620 144 1682 Die
153 1619 312 1680 constituta
323 1639 430 1679 causae
440 1617 578 1679 dictionis
593 1620 747 1696 Orgetorix
755 1619 793 1678 ad
808 1617 949 1679 iudicium
962 1638 1083 1679 omnem

85 1736 169 1777 suam
183 1714 333 1788 familiam,
347 1716 386 1774 ad
400 1714 555 1774 hominum
570 1715 652 1774 milia
666 1715 779 1789 decem,
795 1714 928 1791 undique
942 1715 1039 1793 coegit
1053 1727 1083 1776 et
1099 1733 1132 1792 15

85 1833 190 1873 omnes
210 1812 333 1874 clientes
353 1813 567 1888 obaeratosque
588 1832 666 1885 suos,
682 1831 809 1888 quorum
830 1832 970 1889 magnum
983 1834 1084 1874 nume-

85 1929 150 1968 rum
164 1909 302 1981 habebat,
318 1909 426 1968 eodem
441 1909 602 1970 conduxit:
630 1928 758 1986 percos,
774 1929 812 1969 ne
828 1928 947 1969 causam
961 1909 1081 1982 diceret,

85 2026 117 2067 se
137 2005 251 2083 eripuit.
296 2008 374 2067 Cum
402 2005 506 2066 civitas
534 2010 574 2066 ob
603 2026 670 2066 eam
691 2027 753 2066 rem
781 2007 904 2066 incitata
930 2008 1083 2068 armisius

84 2123 172 2163 suum
186 2103 306 2181 exsequi
319 2115 483 2175 conaretur,
493 2103 774 2180 multitudinemque
788 2103 944 2163 hominum
958 2124 995 2164 ex
1008 2104 1083 2180 agris

84 2201 269 2278 magistratus
289 2211 437 2277 cogerent,
459 2201 614 2278 Orgetorix
633 2213 765 2261 mortuus
790 2212 833 2261 est
842 2223 851 2276 ;
881 2221 979 2278 neque
1000 2202 1083 2262 abest
1097 2227 1133 2264 20

84 2297 222 2374 suspicio,
250 2307 283 2357 ut
312 2297 444 2358 Helvetii
471 2296 653 2374 arbitrantur,
683 2297 757 2375 quin
783 2297 846 2374 ipse
874 2297 930 2358 sibi
957 2308 1082 2357 mortem

85 2394 266 2455 consciverit.

146 2509 171 2570 5.
214 2495 286 2553 Post
313 2493 376 2554 eius
403 2504 531 2555 mortem
551 2493 644 2555 nihilo
665 2493 763 2555 minus
785 2494 917 2555 Helvetii
937 2494 977 2570 id,
1000 2497 1083 2570 quod

84 2586 305 2661 constituerant,
320 2589 415 2649 facere
430 2600 583 2662 conantur,
598 2600 632 2649 ut
645 2609 662 2649 e
675 2590 782 2650 finibus
797 2589 856 2650 suis
870 2601 982 2650 exeant.
1020 2589 1084 2650 Ubi

84 2682 145 2741 iam
165 2703 198 2743 se
218 2685 257 2743 ad
279 2703 346 2743 eam
365 2686 428 2744 rem
449 2696 567 2761 paratos
588 2706 652 2746 esse
666 2686 797 2746 arbitrati
812 2696 889 2760 sunt,
906 2685 1017 2763 oppida
1030 2707 1083 2747 sua
1098 2714 1132 2774 25

84 2778 194 2850 omnia,
205 2799 329 2840 numero
338 2780 377 2839 ad
391 2781 559 2854 duodecim,
571 2781 652 2842 vicos
667 2783 705 2841 ad
720 2782 960 2859 quadringentos,
970 2782 1084 2860 reliqua

84 2873 197 2950 privata
216 2875 352 2936 aedificia
371 2877 543 2950 incendunt,
563 2880 742 2938 frumentum
764 2898 862 2953 omne,
878 2891 1083 2956 praeterquam

84 2972 168 3048 quod
182 2991 283 3032 secum
297 2973 438 3050 portaturi
452 2986 543 3047 erant,
552 2975 740 3048 comburunt,
750 2985 783 3034 ut
797 2976 920 3035 domum
930 2976 1083 3036 reditionis

85 3086 137 3144 spe
158 3069 274 3129 sublata
293 3071 454 3147 paratiores
474 3073 515 3132 ad
534 3072 636 3132 omnia
656 3073 786 3148 pericula
806 3073 962 3133 subeunda
976 3086 1082 3147 essent,

84 3164 174 3225 trium
194 3185 330 3226 mensum
345 3167 449 3228 molita
463 3168 573 3229 cibaria
586 3167 642 3228 sibi
657 3187 808 3245 quemque
822 3169 914 3229 domo
928 3171 1029 3230 efferre
1043 3170 1084 3230 iu·
1096 3199 1134 3255 30

84 3262 164 3324 bent
195 3266 378 3326 Persuadent
389 3266 523 3326 Rauricis
533 3278 563 3326 et
573 3266 708 3345 Tulingis
720 3279 750 3327 et
765 3267 930 3346 Latobrigis
941 3268 1081 3341 finitimis,

84 3357 128 3419 uti
138 3360 250 3434 ,eodem
262 3361 308 3421 usi
326 3363 451 3423 consilio
466 3362 583 3440 oppidis
598 3364 657 3424 suis
671 3364 804 3440 vicisque
817 3365 928 3424 exustis
940 3386 1095 3424 unacum

85 3454 128 3517 eis
145 3455 375 3535 proficiscantur,
392 3459 554 3542 Boiosque,
572 3459 628 3544 qui
644 3472 731 3524 trans
745 3462 907 3523 Rbenum
915 3459 1127 3517 &monueram
1189 3496 1192 3500 .
