2476 3796
138 218 177 292 36
398 219 467 276 on
492 216 643 277 Burro
672 217 868 278 carasco

139 366 208 406 cum
228 365 279 406 sex
297 343 469 407 cohortibus
489 345 628 424 relinquit
637 369 646 422 3
667 357 763 408 castra
784 346 816 408 in
827 346 1013 409 altitudinem
1027 351 1138 428 pedum

139 443 298 504 duodecim
311 445 390 503 vallo
404 445 542 520 fossaque
557 443 762 521 duodeviginti
774 446 887 523 pedum
901 447 1016 507 munire
1032 447 1124 508 iubet.

201 541 227 597 6.
269 538 319 598 Ab
339 539 385 623 ¹¹..ss
407 538 509 598 castris
534 516 680 629 oppidum
703 541 869 600 Remorum
889 541 1012 628 nomine
1033 542 1141 601 Bibrax

139 637 241 696 aberat
263 656 294 695 m
318 635 345 695 ia
366 655 508 713 passuum
530 654 595 697 vrrr.
640 639 679 698 Id
703 656 740 697 ex
761 636 866 719 itin-‘ere
889 659 998 715 magno
1026 615 1141 795 impp&

110 735 249 815 5Belgae
271 717 442 842 oppugxgare
463 747 633 814 coeperunt.
686 739 784 813 Aegre
809 754 845 796 eo
870 736 920 828 dm
945 747 1108 796 sustentatu

138 843 192 892 est.
246 834 399 893 Gallorum
433 835 540 894 eadem
576 845 668 910 atquc
700 834 858 910 Belgarum
886 833 1068 911 oppugnatio
1096 845 1140 893 est

139 928 222 988 haec.
266 929 329 991 Ubi
351 930 539 989 circumiecta
558 928 656 989 multit
700 927 749 989 ine
769 929 928 989 hominum
946 931 1016 990 totis
1030 922 1141 1025 mdnni-

141 1028 197 1086 bus
218 1026 350 1104 undique
373 1027 405 1086 in
425 1047 543 1115 QO
562 1027 675 1104 lapides
695 1025 752 1111 iaci
773 1027 872 1104 coepti
890 1038 967 1102 sunt,
981 1048 1141 1106 murusque

142 1109 346 1297 desedmgibus
368 1124 496 1182 nudatus
510 1133 563 1196 est,
582 1121 731 1182 testudine
746 1125 823 1181 facta
836 1134 937 1199 portas
955 1124 1142 1208 succendunt

93 1240 129 1278 10
142 1240 259 1279 murum
281 1240 319 1280 ue
339 1222 492 1280 subruunt.
536 1219 635 1294 Quod·
649 1229 714 1279 tum
734 1218 820 1279 facile
834 1221 932 1299 fiebat.
976 1222 1056 1279 Nam
1072 1241 1142 1281 cum

142 1326 225 1377 tanta
247 1316 407 1377 multitudo
427 1315 542 1393 lapides
563 1335 599 1376 ac
620 1318 680 1377 tela
700 1301 880 1471 conierewnt,
902 1316 933 1377 in
960 1338 1046 1378 muro
1064 1339 1142 1381 ›con-

143 1410 266 1470 sistendi
287 1423 418 1488 potestas
443 1423 505 1490 erat
529 1431 550 1470 n
592 1410 611 1471 i,
654 1413 733 1472 Cum
754 1414 813 1472 fine
867 1412 1060 1491 oppugnandi
1082 1433 1144 1474 nox

142 1507 269 1592 fecisset,
298 1508 395 1568 Iccius
418 1511 541 1583 Remus,
565 1528 599 1568 su
632 1528 681 1567 ma
708 1491 863 1608 nobilitate
891 1522 921 1570 et
948 1511 1041 1593 gauja
1068 1502 1144 1571 inter

144 1626 221 1680 suos
247 1605 298 1683 qui
322 1617 386 1667 turn
411 1595 523 1701 oppido
545 1608 718 1683 praefuerat,
742 1627 818 1666 unus
840 1626 876 1666 ex
903 1606 954 1680 eiS,
978 1607 1028 1684 qui
1055 1606 1144 1684 legati

96 1716 129 1778 15
144 1702 183 1761 de
204 1721 278 1779 pace
303 1703 342 1762 ad
364 1704 523 1763 Caesarem
545 1712 695 1776 venerant,
722 1701 859 1761 nuntium
884 1705 924 1762 ad
949 1721 1017 1761 eum
1045 1700 1142 1774 mittit,

144 1797 200 1858 nisi
222 1798 386 1859 subsidium
405 1777 464 1903 dibi
483 1797 678 1871 submittatur,
701 1790 767 1898 stse
787 1797 897 1858 diutius
918 1768 1062 1858 sustiniire
1082 1818 1145 1857 non

144 1885 240 2051 ρῗεε.
285 1913 311 1971 7.
356 1899 401 1956 Eo
436 1897 475 1957 de
509 1895 608 1957 media
638 1907 728 1957 nocte
755 1897 866 1958 Caesar
893 1896 988 1955 isdem
1018 1894 1145 1955 ducibus

143 1987 222 2063 uss,
251 1990 302 2068 qui
330 1990 425 2052 nuntii
452 1993 489 2053 ab
518 1991 601 2052 Iccio
626 2002 778 2065 venerant,
808 1991 955 2052 Numidas
984 2002 1013 2051 et
1041 1993 1145 2053 Cretas

144 2088 308 2167 sagittarios
329 2101 359 2150 et
378 2089 541 2151 funditores
562 2091 698 2150 Baleares
718 2087 851 2150 subsidio
866 2087 1022 2165 oppidanis
1037 2088 1127 2148 mittit
1136 2110 1145 2162 ;

94 2209 132 2247 20
145 2207 272 2264 quorum
298 2188 429 2247 adventu
456 2198 487 2248 et
514 2185 618 2247 Remis
646 2205 716 2246 cum
740 2199 793 2263 spe
814 2184 994 2246 defensionis
1014 2185 1145 2245 studium

144 2283 352 2361 propugnandi
378 2282 511 2352 accessit,
540 2294 569 2343 et
595 2280 732 2342 hostibus
760 2283 866 2342 eadem
894 2282 933 2342 de
960 2301 1051 2340 causa
1077 2300 1146 2358 spes

144 2379 283 2458 potiundi
304 2379 406 2456 oppidi
427 2378 570 2440 discessit.
614 2381 721 2455 Itaque
742 2378 890 2455 paulisper
908 2381 988 2455 apud
1002 2378 1146 2455 oppidum

145 2476 252 2536 morati
272 2493 418 2552 agrosque
438 2477 602 2535 Remorum
624 2473 798 2551 depopulati
819 2473 958 2534 omnibus
978 2474 1049 2533 vicis
1069 2475 1147 2534 aedi-

146 2573 289 2650 ficiisque,
305 2591 380 2649 quos
402 2571 484 2632 adire
504 2583 671 2649 potuerant,
686 2571 814 2632 incensis
836 2573 875 2631 ad
896 2583 992 2632 castra
1010 2572 1146 2634 Caesaris

96 2687 132 2746 25
147 2668 283 2728 omnibus
307 2668 399 2745 copiis
420 2668 640 2729 contenderunt
661 2679 691 2727 et
705 2668 743 2727 ab
758 2667 878 2727 milibus
892 2687 1033 2744 passuum
1048 2666 1146 2726 minus

145 2781 171 2821 11
196 2774 293 2824 castra
315 2775 497 2840 posuerunt3
518 2783 595 2840 quae
615 2774 719 2837 castra,
742 2774 776 2822 ut
803 2765 885 2824 fumo
914 2775 1003 2840 atque
1030 2762 1146 2839 ignibus

147 2859 372 2938 significabatur,
388 2859 513 2937 amplius
535 2859 654 2918 milibus
675 2877 817 2936 passuum
831 2875 888 2916 v111
910 2857 941 2916 in
960 2857 1146 2918 latitudinem

146 2959 295 3034 patebant
360 2960 387 3016 8.
431 2959 542 3017 Caesar
576 2954 672 3033 primo
707 2967 737 3016 et
770 2966 890 3033 propter
926 2953 1146 3014 multitudinem

147 3050 277 3114 hostium
311 3064 342 3113 et
375 3064 496 3130 propter
530 3051 667 3112 eximiam
695 3050 867 3129 opinionem
893 3049 1006 3110 virtutis
1033 3051 1146 3126 proelio

97 3178 134 3232 30
148 3152 339 3229 supersedere
363 3151 473 3225 statuit,
490 3150 599 3212 cotidie
615 3162 718 3211 tamen
731 3147 916 3225 equestribus
930 3147 1057 3224 proeliis,
1074 3148 1147 3226 quid

147 3247 239 3308 hostis
259 3248 365 3308 virtute
385 3260 487 3325 posset
508 3258 538 3307 et
558 3247 632 3324 quid
645 3245 738 3307 nostri
751 3247 902 3317 auderent,
918 3244 1145 3322 periclitabatur.

149 3344 211 3406 Ubi
232 3357 349 3405 nostros
371 3364 434 3404 non
459 3365 523 3406 esse
546 3344 698 3424 inferiores
721 3341 874 3418 intellexit,
891 3344 959 3402 loco
974 3363 1028 3420 pro
1045 3343 1146 3404 castris

137 3445 184 3497 ad
214 3441 313 3500 aciem
345 3441 553 3504 instruendam
580 3451 684 3501 natura
712 3450 880 3517 opportuno
908 3451 999 3517 atque
1025 3439 1144 3516 idonee,
