2476 3796
414 211 503 270 ΠΒ.
518 212 564 271 Il.
612 210 704 271 CAP.
727 229 853 288 14-19.
1097 230 1133 284 41

131 337 233 397 locum
247 333 419 409 coniecisse,
436 355 496 412 quo
514 345 636 412 propter
654 335 779 411 paludes
800 331 942 394 exercitui
960 332 1058 395 aditus
1074 355 1136 394 non

131 446 217 496 esset.
263 451 308 509 17.
352 433 410 494 His
424 435 511 494 rebus
527 432 653 510 cognitis
668 435 868 510 exploratores
889 432 1137 508 centurionesque

130 532 297 610 praemittit,
335 531 386 610 qui
419 535 519 592 locum
553 531 697 592 idoneum
731 530 832 598 castris
869 531 1007 608 deligant.
1058 534 1137 592 Cum

131 651 169 691 ex
188 631 333 692 dediticiis
355 632 453 709 Belgis
474 631 653 708 reliquisque
677 630 770 691 Gallis
791 630 956 706 complures
979 632 1136 691 Caesarem

130 729 223 790 secuti
236 750 297 790 una
309 729 364 798 iter
377 732 517 804 facerent,
532 729 655 805 quidam
670 749 707 789 ex
720 727 774 803 his,
789 740 822 788 ut
840 741 945 806 postea
962 749 998 789 ex
1012 729 1136 806 captivis
1170 745 1185 804 5

89 907 94 912 .
129 828 282 903 cognitum
306 838 358 899 est,
388 847 490 887 eorum
518 827 634 888 dierum
662 827 879 888 consuetudine
906 827 1016 887 itineris
1044 829 1136 888 nostri

129 925 274 986 exercitus
301 936 456 1003 perspecta
483 937 573 987 nocte
600 928 640 986 ad
668 927 795 986 Nervios
822 938 1018 1004 pervenerunt
1045 938 1136 1005 atque

128 1021 171 1082 eis
192 1025 432 1084 demonstrarunt
453 1023 528 1084 inter
545 1023 675 1101 singulas
699 1023 831 1101 legiones
853 1023 1135 1102 impedimentorum

128 1141 268 1199 magnum
283 1142 439 1182 numerum
453 1122 644 1198 intercedere,
657 1143 755 1199 neque
770 1123 1002 1200 essequicquam
1014 1122 1133 1199 negotii,

128 1240 197 1280 cum
224 1221 319 1298 prima
345 1221 422 1298 legio
451 1221 482 1280 in
503 1233 600 1282 castra
626 1222 763 1297 venisset,
786 1221 975 1299 reliquaeque
1003 1221 1134 1299 legiones
1150 1244 1185 1280 10

128 1337 269 1395 magnum
307 1319 433 1395 spatium
469 1319 616 1393 abessent,
648 1321 726 1379 hanc
761 1321 816 1379 sub
851 1318 971 1380 sarcinis
1005 1319 1114 1380 adoriri
1125 1345 1134 1397 3

127 1435 187 1492 qua
213 1418 300 1493 pulsa
325 1416 605 1494 impedimentisque
633 1417 754 1495 direptis
781 1419 920 1492 futurum,
944 1428 977 1478 ut
1004 1417 1133 1494 reliquae

127 1526 231 1576 contra
254 1516 414 1576 consistere
438 1535 500 1575 non
524 1518 674 1577 auderent
718 1515 887 1576 Adiuvabat
912 1514 1002 1575 etiam
1029 1535 1132 1575 eorum

127 1615 292 1692 consilium,
308 1615 433 1693 quirem
453 1617 635 1689 deferebant,
652 1617 734 1692 quod
753 1614 855 1675 Nervii
877 1612 1046 1690 antiquitus,
1062 1633 1131 1674 cum

127 1716 258 1790 equitatu
280 1714 354 1773 nihil
373 1725 498 1792 possent
522 1713 633 1794 (neque
657 1713 737 1774 enim
761 1716 801 1774 ad
825 1714 883 1773 hoc
904 1723 1021 1790 tempus
1043 1711 1069 1772 ei
1090 1712 1132 1773 rei
1148 1721 1180 1779 15

126 1814 254 1886 student,
276 1813 338 1884 sed,
360 1810 503 1888 quicquid
526 1822 659 1888 possunt,
682 1811 868 1888 pedestribus
891 1813 992 1871 valent
1015 1811 1129 1888 copiis),

125 1931 186 1988 quo
210 1911 324 1971 facilius
348 1910 538 1970 finitimomm
560 1909 733 1988 equitatum,
750 1909 774 1970 si
796 1909 960 1986 praedandi
981 1929 1071 1969 causa
1091 1911 1131 1970 ad

125 2028 177 2068 eos
203 2008 361 2081 venissent,
382 2007 570 2084 impedirent,
601 2007 708 2068 teneris
736 2007 890 2067 arboribus
918 2007 1018 2068 incisis
1038 2017 1130 2084 atque

123 2107 238 2169 inflexis
252 2108 360 2168 crebris
374 2107 405 2167 in
418 2106 606 2167 latitudinem
619 2106 708 2166 ramis
723 2105 818 2166 enatis
833 2117 862 2166 et
883 2104 964 2166 rubis
982 2105 1129 2166 sentibus-

125 2228 183 2285 que
210 2206 368 2268 interiectis
392 2208 559 2278 effecerant,
580 2216 613 2265 ut
636 2203 728 2264 instar
754 2203 831 2265 muri
850 2205 908 2264 hae
929 2223 1014 2281 sepes
1034 2204 1129 2262 muni·
1143 2221 1180 2257 20

124 2316 227 2366 menta
253 2306 435 2382 praeberent,
466 2323 527 2379 quo
554 2323 618 2362 non
644 2305 738 2362 modo
769 2321 832 2362 non
863 2300 973 2376 intrari,
1001 2302 1055 2361 sed
1089 2320 1127 2359 ne

123 2399 249 2477 perspici
263 2398 384 2475 quidem
397 2410 506 2474 posset.
550 2396 609 2457 His
622 2398 711 2457 rebus
727 2416 797 2456 cum
814 2396 870 2456 iter
888 2395 1012 2473 agminis
1034 2396 1127 2455 nostri

123 2498 322 2575 impediretur,
341 2517 404 2556 non
427 2497 626 2557 omittendum
650 2495 707 2556 sibi
727 2495 883 2556 consilium
908 2495 1010 2556 Nervii
1033 2494 1127 2555 existi-

123 2606 285 2656 maverunt.
331 2597 374 2655 18.
418 2594 492 2655 Loci
506 2606 611 2655 natura
625 2606 686 2655 erat
704 2596 787 2669 haec,
803 2615 892 2672 quem
913 2596 1013 2655 locum
1033 2595 1126 2655 nostri

122 2694 222 2755 castris
250 2696 426 2770 delegerant.
479 2693 571 2754 Collis
601 2694 640 2753 ab
667 2713 785 2753 summo
813 2692 976 2768 aequaliter
1003 2692 1125 2754 declivis
1141 2717 1176 2776 25

121 2793 161 2851 ad
178 2793 290 2851 flumen
307 2791 415 2863 Sabim,
431 2791 514 2867 quod
535 2809 624 2867 supra
644 2788 871 2863 nominavimus,
886 2792 1033 2867 vergebat.
1076 2794 1125 2852 Ab

122 2908 158 2948 eo
179 2887 300 2950 flumine
321 2889 385 2966 pari
408 2888 572 2949 acclivitate
594 2889 677 2949 collis
698 2890 874 2949 nascebatur
896 2891 1037 2950 adversus
1055 2891 1125 2950 huic
1177 2961 1180 2966 ¹

122 2998 150 3046 et
171 2986 341 3058 contrarius
361 3006 466 3063 passus
487 2986 601 3047 circiter
621 2989 766 3047 ducentos
787 2987 907 3047 infimus
933 3000 1061 3065 apertus,
1084 2991 1123 3049 ab

121 3085 270 3162 superiore
283 3096 365 3162 parte
380 3084 525 3159 silvestris,
537 3094 571 3143 ut
584 3104 646 3144 non
660 3085 746 3145 facile
759 3084 902 3146 introrsus
916 3085 1042 3162 perspici
1056 3107 1124 3164 pos-

120 3190 172 3239 set.
215 3183 298 3239 Intra
311 3199 362 3240 eas
379 3178 465 3239 silvas
479 3181 581 3240 hostes
598 3178 631 3239 in
646 3182 764 3240 occulto
781 3199 846 3240 sese
860 3179 1054 3241 continebant
1062 3202 1071 3254 3
1090 3181 1122 3241 in
1137 3201 1175 3256 30

119 3286 221 3353 aperto
250 3277 318 3337 loco
346 3277 511 3337 secundum
537 3277 649 3335 flumen
677 3295 791 3352 paucae
818 3276 960 3336 stationes
989 3278 1122 3354 equitum

118 3373 301 3437 videbantur.
343 3373 487 3434 Fluminis
515 3385 578 3434 erat
604 3372 730 3435 altitudo
757 3375 870 3450 pedum
890 3373 1005 3434 circiter
1025 3374 1121 3437 trium.
1196 3394 1204 3401 ·

122 3491 166 3547 19.
210 3473 318 3531 Caesar
348 3471 483 3551 equitatu
516 3471 683 3552 praemisso
715 3472 965 3549 subsequeretur
997 3467 1153 3523 omnm

187 3611 299 3658 sacr.
1084 3588 1110 3635 ⁸¹
1196 3581 1199 3585 ’
