2476 3796
132 228 169 267 20
394 208 464 268 DE
490 206 640 268 BELLO
667 205 866 269 GALLICO

130 346 229 398 tantos
243 336 298 398 sibi
313 336 440 416 spiritus,
459 346 573 397 tantam
587 335 784 414 arrogantiam
800 342 972 412 sumpserat,
987 342 1021 392 ut
1038 332 1131 393 feren·

131 435 187 495 dus
211 455 275 494 non
297 435 452 496 videretur.
497 455 543 512 34.
587 437 686 511 Quam
707 435 830 494 obrem
851 431 962 510 placuit
983 428 1019 503 ei,
1040 440 1072 490 ut
1092 431 1131 489 ad

131 529 314 590 Ariovistum
341 533 454 609 legatos
482 531 620 604 mitteret,
649 530 701 608 qui
733 531 771 591 ab
804 548 841 590 eo
871 529 1062 607 postularent,
1089 525 1132 586 uti

131 627 261 702 aliquem
275 629 376 688 locum
394 626 527 687 medium
545 625 697 703 utriusque
711 625 861 701 colloquio
875 623 1034 701 deligeret:
1056 623 1133 683 velle
1199 612 1200 615 ¹

101 744 116 803 5
132 741 197 782 sese
211 724 249 782 de
263 743 294 782 re
308 723 427 799 publica
442 735 471 783 et
486 723 609 783 summis
623 723 774 798 utriusque
788 723 875 781 rebus
894 739 962 780 cum
982 737 1019 778 eo
1038 715 1131 796 agere.

133 816 170 877 Ei
192 818 333 895 legationi
356 818 520 880 Ariovistus
543 818 715 895 respondit:
735 817 766 878 Si
788 816 862 893 quid
883 815 942 893 ipsi
963 835 982 875 a
1007 817 1134 876 Caesare

133 932 208 990 opus
233 925 318 986 esset,
342 933 407 973 sese
428 915 467 974 ad
489 934 557 974 eum
577 926 734 974 venturum
755 912 845 972 fuisse
855 935 865 988 5
892 911 916 971 si
937 911 1010 987 quid
1029 910 1079 971 ille
1102 928 1134 970 se

132 1009 213 1085 velit,
241 1010 325 1070 illum
353 1012 392 1071 ad
423 1031 455 1071 se
482 1011 582 1071 venire
610 1023 756 1088 oportere.
800 1013 956 1070 Praeterea
983 1027 1015 1068 se
1036 1024 1135 1084 neque

133 1107 197 1167 sine
225 1109 354 1170 exercitu
382 1109 414 1169 in
443 1128 492 1170 eas
520 1120 619 1186 partes
648 1108 763 1169 Galliae
790 1106 890 1168 venire
916 1106 1034 1178 audere,
1062 1123 1135 1181 quas

86 1225 121 1264 10
135 1207 245 1266 Caesar
257 1207 430 1283 possideret,
446 1224 545 1281 neque
569 1205 730 1266 exercitum
752 1202 817 1265 sine
837 1224 947 1282 magno
966 1214 1136 1265 commeatu

133 1314 223 1379 atque
250 1305 425 1364 molimento
446 1304 478 1362 in
505 1323 598 1362 unum
618 1304 718 1362 locum
739 1304 913 1363 contrahere
934 1321 1031 1380 posse.
1074 1301 1137 1361 Sibi

133 1412 233 1460 autem
247 1401 355 1461 mirum
368 1401 467 1474 videri,
484 1401 557 1477 quid
570 1402 601 1462 in
618 1421 670 1462 sua
687 1401 792 1474 Gallia,
810 1420 900 1477 quam
914 1400 993 1459 bello
1007 1396 1133 1472 vicisset,

135 1509 186 1558 aut
201 1498 321 1559 Caesari
341 1510 391 1558 aut
407 1499 532 1559 omnino
546 1500 661 1576 populo
676 1501 817 1558 Romano
833 1497 945 1575 negotii
959 1508 1044 1557 esset.
1088 1515 1135 1574 35.

137 1593 195 1655 His
213 1595 361 1672 responsis
383 1595 421 1654 ad
445 1598 605 1656 Caesarem
626 1595 724 1655 relatis
746 1594 851 1654 iterum
872 1595 911 1653 ad
935 1613 1004 1654 eum
1027 1595 1138 1655 Caesar

44 1692 46 1697 ’
89 1709 121 1769 15
136 1691 249 1766 legatos
264 1710 333 1748 cum
349 1691 395 1749 his
410 1690 557 1750 mandatis
576 1690 684 1753 mittit:
709 1690 860 1764 Quoniam
875 1701 958 1749 tanto
976 1709 1031 1750 suo
1045 1708 1138 1767 popu-

136 1784 217 1859 lique
231 1785 363 1844 Romani
380 1785 527 1845 beneficio
548 1789 680 1859 affectus,
696 1806 765 1845 cum
787 1785 819 1845 in
839 1786 993 1846 consulatu
1012 1805 1066 1845 suo
1087 1804 1140 1845 rex

137 1892 227 1957 atque
241 1880 354 1942 amicus
369 1903 386 1942 a
400 1895 506 1941 senatu
521 1885 687 1960 appellatus
702 1894 787 1955 esset,
803 1885 882 1943 hanc
896 1883 952 1943 sibi
965 1885 1139 1961 populoque

138 1980 279 2038 Romano
293 1980 417 2056 gratiam
431 1981 558 2052 referret,
574 1993 607 2041 ut
629 1981 660 2039 in
679 1980 862 2056 colloquium
882 1980 981 2040 venire
999 1980 1138 2042 invitatus

137 2085 303 2151 gravaretur
317 2094 414 2151 neque
435 2078 473 2136 de
492 2077 644 2137 communi
662 2098 694 2138 re
712 2077 873 2138 dicendum
891 2077 947 2137 sibi
968 2090 999 2138 et
1017 2098 1141 2156 cognos-

90 2197 126 2236 20
139 2173 268 2231 cendum
282 2185 406 2248 putaret,
422 2176 497 2234 haec
513 2195 585 2248 esse,
602 2196 679 2253 quae
693 2178 731 2236 ab
746 2196 783 2236 eo
797 2176 979 2253 postularet:
1002 2175 1139 2253 primum,

138 2288 177 2328 ue
205 2287 296 2344 quam
323 2270 544 2330 multitudinem
571 2273 727 2331 hominum
748 2271 875 2349 amplius
896 2281 976 2331 trans
999 2275 1141 2333 Rhenum

139 2368 171 2428 in
194 2367 322 2427 Galliam
346 2369 528 2443 traduceret3
559 2369 669 2429 deinde
698 2368 825 2442 obsideS,
855 2388 931 2445 quos
959 2370 1081 2431 haberet
1102 2373 1141 2433 ab

140 2463 262 2535 AeduiS,
277 2463 414 2523 redderet
428 2463 632 2540 Sequanisque
646 2465 839 2542 permitteret,
853 2479 894 2539 ut,
910 2485 985 2542 quos
999 2465 1041 2526 illi
1054 2470 1143 2529 habe-

140 2571 213 2632 rent,
242 2561 395 2620 voluntate
423 2559 486 2619 eius
517 2563 641 2620 reddere
669 2563 725 2622 illis
754 2562 855 2623 liceret
867 2586 875 2638 3
910 2583 986 2625 neve
1019 2568 1141 2629 Aeduos

92 2682 106 2718 2
111 2677 127 2737 5
141 2654 248 2715 iniuria
261 2657 427 2729 lacesseret,
443 2677 518 2718 neve
532 2657 577 2716 his
599 2659 747 2735 sociisque
766 2679 868 2721 eorum
884 2662 996 2720 bellum
1014 2662 1140 2725 inferret.

143 2753 173 2812 Si
187 2753 218 2812 id
231 2752 272 2812 ita
285 2754 411 2826 fecisset,
422 2754 477 2814 sibi
491 2756 664 2833 populoque
678 2759 818 2818 Romano
833 2770 1006 2836 perpetuam
1019 2761 1143 2836 gratiam

142 2861 232 2926 atque
247 2851 408 2911 amicitiam
423 2872 492 2910 cum
509 2872 546 2912 eo
568 2855 713 2916 futuram:
750 2854 775 2914 si
795 2875 856 2914 non
873 2856 1051 2933 impetraret,
1068 2878 1141 2933 sese,

144 2944 285 3020 quoniam
309 2949 351 3005 M.
380 2949 518 3022 Messala,
545 2951 587 3007 M.
613 2950 722 3010 Pisone
743 2951 913 3011 consulibus
935 2964 1054 3013 senatus
1078 2974 1144 3015 cen-

144 3043 257 3116 suisset,
279 3043 332 3118 uti,
348 3044 528 3120 quicumque
547 3046 674 3105 Galliam
694 3047 877 3123 provinciam
892 3048 1046 3122 obtineret,
1062 3053 1145 3126 quod

93 3169 131 3225 30
144 3140 307 3200 commodo
339 3140 520 3217 reipublicae
548 3143 645 3202 facere
677 3155 786 3219 posset,
816 3146 938 3205 Aeduos
971 3157 1145 3224 ceterosque

144 3239 257 3299 amicos
281 3241 386 3318 populi
408 3241 540 3301 Romani
561 3244 743 3314 defenderet,
766 3264 798 3304 se
826 3246 999 3305 Aeduorum
1026 3245 1152 3312 iniurias,

144 3356 207 3396 non
221 3337 432 3414 neglecturum.
477 3342 523 3414 36.
567 3340 618 3398 Ad
631 3341 706 3399 haec
720 3341 886 3401 Ariovistus
900 3342 1070 3419 respondit:
1093 3346 1145 3403 Ius

133 3452 204 3492 esse
216 3435 296 3508 bell,
309 3445 347 3508 ut
362 3434 413 3513 qui
423 3433 570 3514 vicissent,
583 3436 634 3511 eiS,
646 3454 722 3512 quos
733 3437 879 3514 vicissent,
891 3440 1146 3514 quemadmodum
