<?xml version="1.0" encoding="UTF-8"?>
<!DOCTYPE html PUBLIC "-//W3C//DTD XHTML 1.0 Transitional//EN"
    "http://www.w3.org/TR/xhtml1/DTD/xhtml1-transitional.dtd">
<html xmlns="http://www.w3.org/1999/xhtml" xml:lang="en" lang="en">
 <head>
  <title>
</title>
<meta http-equiv="Content-Type" content="text/html;charset=utf-8" />
  <meta name='ocr-system' content='tesseract 3.04.00' />
  <meta name='ocr-capabilities' content='ocr_page ocr_carea ocr_par ocr_line ocrx_word'/>
</head>
<body>
  <div class='ocr_page' id='page_1' title='image "./gaiiulicaesaris00peskgoog_0032.png"; bbox 0 0 2476 3796; ppageno 0'>
   <div class='ocr_carea' id='block_1_1' title="bbox 378 205 1097 280">
    <p class='ocr_par' dir='ltr' id='par_1_1' title="bbox 378 205 1097 280">
     <span class='ocr_line' id='line_1_1' title="bbox 378 205 1097 280; baseline -0.004 -16"><span class='ocrx_word' id='word_1_1' title='bbox 378 205 464 265; x_wconf 78' lang='grc' dir='ltr'>ΠΒ.</span> <span class='ocrx_word' id='word_1_2' title='bbox 490 205 517 264; x_wconf 89' lang='lat' dir='ltr'>I.</span> <span class='ocrx_word' id='word_1_3' title='bbox 565 205 656 266; x_wconf 87' lang='lat' dir='ltr'><em>CAP.</em></span> <span class='ocrx_word' id='word_1_4' title='bbox 683 219 809 280; x_wconf 84' lang='lat'>13—17.</span> <span class='ocrx_word' id='word_1_5' title='bbox 1076 223 1097 280; x_wconf 89' lang='lat'>9</span> 
     </span>
    </p>
   </div>
   <div class='ocr_carea' id='block_1_2' title="bbox 47 331 1151 3506">
    <p class='ocr_par' dir='ltr' id='par_1_2' title="bbox 100 331 1097 414">
     <span class='ocr_line' id='line_1_2' title="bbox 100 331 1097 414; baseline -0.005 -18"><span class='ocrx_word' id='word_1_6' title='bbox 100 355 138 396; x_wconf 86' lang='lat' dir='ltr'>ex</span> <span class='ocrx_word' id='word_1_7' title='bbox 160 334 242 398; x_wconf 89' lang='lat' dir='ltr'>omni</span> <span class='ocrx_word' id='word_1_8' title='bbox 262 334 414 414; x_wconf 90' lang='lat' dir='ltr'>provincia</span> <span class='ocrx_word' id='word_1_9' title='bbox 437 345 467 396; x_wconf 94' lang='lat' dir='ltr'>et</span> <span class='ocrx_word' id='word_1_10' title='bbox 488 332 600 395; x_wconf 88' lang='lat' dir='ltr'><strong>Aeduis</strong></span> <span class='ocrx_word' id='word_1_11' title='bbox 618 343 708 410; x_wconf 92' lang='lat' dir='ltr'>atque</span> <span class='ocrx_word' id='word_1_12' title='bbox 728 353 831 394; x_wconf 87' lang='lat' dir='ltr'>eorum</span> <span class='ocrx_word' id='word_1_13' title='bbox 854 331 941 393; x_wconf 92' lang='lat' dir='ltr'>sociis</span> <span class='ocrx_word' id='word_1_14' title='bbox 959 341 1097 393; x_wconf 90' lang='lat' dir='ltr'>coactum</span> 
     </span>
    </p>

    <p class='ocr_par' dir='ltr' id='par_1_3' title="bbox 47 429 1149 1571">
     <span class='ocr_line' id='line_1_3' title="bbox 47 429 1097 515; baseline -0.002 -25"><span class='ocrx_word' id='word_1_15' title='bbox 47 474 83 515; x_wconf 62' lang='lat' dir='ltr'><em>s</em></span> <span class='ocrx_word' id='word_1_16' title='bbox 100 431 236 506; x_wconf 88' lang='lat' dir='ltr'>habebat,</span> <span class='ocrx_word' id='word_1_17' title='bbox 268 431 437 509; x_wconf 88' lang='lat' dir='ltr'>praemittit,</span> <span class='ocrx_word' id='word_1_18' title='bbox 466 430 518 508; x_wconf 96' lang='lat' dir='ltr'>qui</span> <span class='ocrx_word' id='word_1_19' title='bbox 548 431 678 501; x_wconf 90' lang='lat' dir='ltr'>videant,</span> <span class='ocrx_word' id='word_1_20' title='bbox 712 451 786 508; x_wconf 94' lang='lat' dir='ltr'>quas</span> <span class='ocrx_word' id='word_1_21' title='bbox 814 429 846 490; x_wconf 90' lang='lat' dir='ltr'>iu</span> <span class='ocrx_word' id='word_1_22' title='bbox 872 440 969 508; x_wconf 86' lang='lat' dir='ltr'>partes</span> <span class='ocrx_word' id='word_1_23' title='bbox 996 431 1097 490; x_wconf 90' lang='lat' dir='ltr'>hostes</span> 
     </span>
     <span class='ocr_line' id='line_1_4' title="bbox 99 525 1100 606; baseline 0.001 -20"><span class='ocrx_word' id='word_1_24' title='bbox 99 527 153 590; x_wconf 92' lang='lat' dir='ltr'>iter</span> <span class='ocrx_word' id='word_1_25' title='bbox 182 528 299 590; x_wconf 88' lang='lat' dir='ltr'>saciant.</span> <span class='ocrx_word' id='word_1_26' title='bbox 342 527 403 604; x_wconf 91' lang='lat' dir='ltr'>Qui</span> <span class='ocrx_word' id='word_1_27' title='bbox 437 527 572 606; x_wconf 91' lang='lat' dir='ltr'>cupidius</span> <span class='ocrx_word' id='word_1_28' title='bbox 606 529 800 591; x_wconf 91' lang='lat' dir='ltr'>novissimum</span> <span class='ocrx_word' id='word_1_29' title='bbox 834 548 941 606; x_wconf 85' lang='lat' dir='ltr'>agmen</span> <span class='ocrx_word' id='word_1_30' title='bbox 974 525 1100 588; x_wconf 91' lang='lat' dir='ltr'>insecuti</span> 
     </span>
     <span class='ocr_line' id='line_1_5' title="bbox 99 623 1099 702; baseline 0 -18"><span class='ocrx_word' id='word_1_31' title='bbox 99 624 196 686; x_wconf 90' lang='lat' dir='ltr'>alieno</span> <span class='ocrx_word' id='word_1_32' title='bbox 206 628 275 686; x_wconf 91' lang='lat' dir='ltr'>loco</span> <span class='ocrx_word' id='word_1_33' title='bbox 289 645 359 685; x_wconf 91' lang='lat' dir='ltr'>cum</span> <span class='ocrx_word' id='word_1_34' title='bbox 373 625 507 702; x_wconf 88' lang='lat' dir='ltr'>equitatu</span> <span class='ocrx_word' id='word_1_35' title='bbox 518 625 725 687; x_wconf 91' lang='lat' dir='ltr'>Helvetiorum</span> <span class='ocrx_word' id='word_1_36' title='bbox 734 624 880 702; x_wconf 91' lang='lat' dir='ltr'>proelium</span> <span class='ocrx_word' id='word_1_37' title='bbox 889 623 1078 684; x_wconf 92' lang='lat' dir='ltr'>committunt</span> <span class='ocrx_word' id='word_1_38' title='bbox 1089 645 1099 700; x_wconf 80' lang='lat'><em>3</em></span> 
     </span>
     <span class='ocr_line' id='line_1_6' title="bbox 99 721 1146 801; baseline -0.002 -19"><span class='ocrx_word' id='word_1_39' title='bbox 99 733 129 782; x_wconf 89' lang='lat' dir='ltr'>et</span> <span class='ocrx_word' id='word_1_40' title='bbox 150 722 237 799; x_wconf 93' lang='lat' dir='ltr'>pauci</span> <span class='ocrx_word' id='word_1_41' title='bbox 260 725 299 783; x_wconf 91' lang='lat' dir='ltr'>de</span> <span class='ocrx_word' id='word_1_42' title='bbox 320 723 426 783; x_wconf 91' lang='lat' dir='ltr'>nostris</span> <span class='ocrx_word' id='word_1_43' title='bbox 445 723 564 782; x_wconf 88' lang='lat' dir='ltr'>cadunt.</span> <span class='ocrx_word' id='word_1_44' title='bbox 608 725 677 799; x_wconf 90' lang='lat' dir='ltr'>Quo</span> <span class='ocrx_word' id='word_1_45' title='bbox 700 722 813 801; x_wconf 90' lang='lat' dir='ltr'>proelio</span> <span class='ocrx_word' id='word_1_46' title='bbox 829 721 936 782; x_wconf 86' lang='lat' dir='ltr'>sublati</span> <span class='ocrx_word' id='word_1_47' title='bbox 957 721 1097 795; x_wconf 89' lang='lat' dir='ltr'>Helvetii,</span> <span class='ocrx_word' id='word_1_48' title='bbox 1131 733 1146 792; x_wconf 84' lang='lat'>5</span> 
     </span>
     <span class='ocr_line' id='line_1_7' title="bbox 99 815 1099 896; baseline -0.002 -18"><span class='ocrx_word' id='word_1_49' title='bbox 99 819 182 894; x_wconf 92' lang='lat' dir='ltr'>quod</span> <span class='ocrx_word' id='word_1_50' title='bbox 209 818 378 896; x_wconf 79' lang='lat' dir='ltr'>quingentis</span> <span class='ocrx_word' id='word_1_51' title='bbox 406 818 554 895; x_wconf 88' lang='lat' dir='ltr'>equitibus</span> <span class='ocrx_word' id='word_1_52' title='bbox 578 827 692 878; x_wconf 81' lang='lat' dir='ltr'>tantam</span> <span class='ocrx_word' id='word_1_53' title='bbox 720 817 939 878; x_wconf 88' lang='lat' dir='ltr'>multitudinem</span> <span class='ocrx_word' id='word_1_54' title='bbox 963 815 1099 894; x_wconf 87' lang='lat' dir='ltr'>equitum</span> 
     </span>
     <span class='ocr_line' id='line_1_8' title="bbox 99 913 1098 991; baseline 0.001 -19"><span class='ocrx_word' id='word_1_55' title='bbox 99 915 297 990; x_wconf 86' lang='lat' dir='ltr'>propulerant,</span> <span class='ocrx_word' id='word_1_56' title='bbox 312 914 455 975; x_wconf 90' lang='lat' dir='ltr'>audacius</span> <span class='ocrx_word' id='word_1_57' title='bbox 473 914 632 975; x_wconf 88' lang='lat' dir='ltr'>subsistere</span> <span class='ocrx_word' id='word_1_58' title='bbox 651 933 868 991; x_wconf 90' lang='lat' dir='ltr'>nonnunquam</span> <span class='ocrx_word' id='word_1_59' title='bbox 886 925 916 974; x_wconf 90' lang='lat' dir='ltr'>et</span> <span class='ocrx_word' id='word_1_60' title='bbox 937 913 1098 975; x_wconf 88' lang='lat' dir='ltr'>novissimo</span> 
     </span>
     <span class='ocr_line' id='line_1_9' title="bbox 99 1011 1100 1088; baseline 0.002 -19"><span class='ocrx_word' id='word_1_61' title='bbox 99 1011 216 1088; x_wconf 87' lang='lat' dir='ltr'>agmine</span> <span class='ocrx_word' id='word_1_62' title='bbox 229 1011 342 1088; x_wconf 89' lang='lat' dir='ltr'>proelio</span> <span class='ocrx_word' id='word_1_63' title='bbox 356 1021 473 1072; x_wconf 91' lang='lat' dir='ltr'>nostros</span> <span class='ocrx_word' id='word_1_64' title='bbox 486 1013 629 1071; x_wconf 87' lang='lat' dir='ltr'>lacessere</span> <span class='ocrx_word' id='word_1_65' title='bbox 643 1020 811 1087; x_wconf 90' lang='lat' dir='ltr'>coeperunt.</span> <span class='ocrx_word' id='word_1_66' title='bbox 856 1012 966 1070; x_wconf 87' lang='lat' dir='ltr'>Caesar</span> <span class='ocrx_word' id='word_1_67' title='bbox 989 1029 1059 1070; x_wconf 92' lang='lat' dir='ltr'>suos</span> <span class='ocrx_word' id='word_1_68' title='bbox 1080 1030 1100 1070; x_wconf 82' lang='lat' dir='ltr'>a</span> 
     </span>
     <span class='ocr_line' id='line_1_10' title="bbox 99 1106 1100 1185; baseline -0.001 -18"><span class='ocrx_word' id='word_1_69' title='bbox 99 1108 212 1185; x_wconf 89' lang='lat' dir='ltr'>proelio</span> <span class='ocrx_word' id='word_1_70' title='bbox 226 1108 397 1169; x_wconf 90' lang='lat' dir='ltr'>continebat</span> <span class='ocrx_word' id='word_1_71' title='bbox 411 1127 446 1167; x_wconf 87' lang='lat' dir='ltr'>ac</span> <span class='ocrx_word' id='word_1_72' title='bbox 459 1108 530 1168; x_wconf 90' lang='lat' dir='ltr'>satis</span> <span class='ocrx_word' id='word_1_73' title='bbox 543 1109 673 1168; x_wconf 89' lang='lat' dir='ltr'>habebat</span> <span class='ocrx_word' id='word_1_74' title='bbox 687 1107 718 1166; x_wconf 89' lang='lat' dir='ltr'>in</span> <span class='ocrx_word' id='word_1_75' title='bbox 726 1108 891 1185; x_wconf 90' lang='lat' dir='ltr'>praesentia</span> <span class='ocrx_word' id='word_1_76' title='bbox 899 1109 1017 1168; x_wconf 93' lang='lat' dir='ltr'>hostem</span> <span class='ocrx_word' id='word_1_77' title='bbox 1025 1106 1100 1184; x_wconf 89' lang='lat' dir='ltr'>rapi-</span> 
     </span>
     <span class='ocr_line' id='line_1_11' title="bbox 99 1203 1149 1281; baseline 0.001 -18"><span class='ocrx_word' id='word_1_78' title='bbox 99 1203 153 1277; x_wconf 91' lang='lat' dir='ltr'>nis,</span> <span class='ocrx_word' id='word_1_79' title='bbox 171 1203 411 1280; x_wconf 87' lang='lat' dir='ltr'>pabulationibus</span> <span class='ocrx_word' id='word_1_80' title='bbox 432 1203 732 1281; x_wconf 87' lang='lat' dir='ltr'>populationibusque</span> <span class='ocrx_word' id='word_1_81' title='bbox 756 1203 919 1281; x_wconf 88' lang='lat' dir='ltr'>prohibere.</span> <span class='ocrx_word' id='word_1_82' title='bbox 962 1205 1011 1263; x_wconf 89' lang='lat' dir='ltr'>Ita</span> <span class='ocrx_word' id='word_1_83' title='bbox 1034 1203 1149 1264; x_wconf 91' lang='lat' dir='ltr'>dies1o</span> 
     </span>
     <span class='ocr_line' id='line_1_12' title="bbox 99 1298 1099 1378; baseline 0 -18"><span class='ocrx_word' id='word_1_84' title='bbox 99 1300 212 1362; x_wconf 85' lang='lat' dir='ltr'>circiter</span> <span class='ocrx_word' id='word_1_85' title='bbox 225 1301 397 1378; x_wconf 90' lang='lat' dir='ltr'>quindecim</span> <span class='ocrx_word' id='word_1_86' title='bbox 406 1301 607 1373; x_wconf 87' lang='lat' dir='ltr'>iterfecerunt,</span> <span class='ocrx_word' id='word_1_87' title='bbox 620 1301 663 1360; x_wconf 94' lang='lat' dir='ltr'>uti</span> <span class='ocrx_word' id='word_1_88' title='bbox 671 1301 747 1361; x_wconf 92' lang='lat' dir='ltr'>inter</span> <span class='ocrx_word' id='word_1_89' title='bbox 760 1300 954 1360; x_wconf 88' lang='lat' dir='ltr'>novissimum</span> <span class='ocrx_word' id='word_1_90' title='bbox 967 1298 1099 1360; x_wconf 89' lang='lat' dir='ltr'>hostium</span> 
     </span>
     <span class='ocr_line' id='line_1_13' title="bbox 99 1395 1098 1476; baseline -0.002 -19"><span class='ocrx_word' id='word_1_91' title='bbox 99 1417 206 1476; x_wconf 86' lang='lat' dir='ltr'>agmen</span> <span class='ocrx_word' id='word_1_92' title='bbox 217 1408 246 1458; x_wconf 91' lang='lat' dir='ltr'>et</span> <span class='ocrx_word' id='word_1_93' title='bbox 255 1409 387 1458; x_wconf 90' lang='lat' dir='ltr'>nostrum</span> <span class='ocrx_word' id='word_1_94' title='bbox 396 1397 522 1474; x_wconf 90' lang='lat' dir='ltr'>primum</span> <span class='ocrx_word' id='word_1_95' title='bbox 537 1416 599 1456; x_wconf 92' lang='lat' dir='ltr'>non</span> <span class='ocrx_word' id='word_1_96' title='bbox 613 1396 739 1473; x_wconf 88' lang='lat' dir='ltr'>amplius</span> <span class='ocrx_word' id='word_1_97' title='bbox 754 1395 851 1473; x_wconf 92' lang='lat' dir='ltr'>quinis</span> <span class='ocrx_word' id='word_1_98' title='bbox 866 1406 916 1455; x_wconf 89' lang='lat' dir='ltr'>aut</span> <span class='ocrx_word' id='word_1_99' title='bbox 931 1395 1008 1456; x_wconf 88' lang='lat' dir='ltr'>senis</span> <span class='ocrx_word' id='word_1_100' title='bbox 1022 1395 1098 1455; x_wconf 91' lang='lat' dir='ltr'>mili-</span> 
     </span>
     <span class='ocr_line' id='line_1_14' title="bbox 99 1493 1098 1571; baseline -0.002 -17"><span class='ocrx_word' id='word_1_101' title='bbox 99 1495 153 1554; x_wconf 93' lang='lat' dir='ltr'>bus</span> <span class='ocrx_word' id='word_1_102' title='bbox 162 1514 301 1571; x_wconf 89' lang='lat' dir='ltr'>passuum</span> <span class='ocrx_word' id='word_1_103' title='bbox 312 1493 472 1555; x_wconf 88' lang='lat' dir='ltr'>interesset.</span> <span class='ocrx_word' id='word_1_104' title='bbox 512 1495 555 1552; x_wconf 87' lang='lat'>16.</span> <span class='ocrx_word' id='word_1_105' title='bbox 592 1493 715 1552; x_wconf 90' lang='lat' dir='ltr'>Interim</span> <span class='ocrx_word' id='word_1_106' title='bbox 729 1493 838 1553; x_wconf 91' lang='lat' dir='ltr'>cotidie</span> <span class='ocrx_word' id='word_1_107' title='bbox 853 1494 963 1554; x_wconf 86' lang='lat' dir='ltr'>Caesar</span> <span class='ocrx_word' id='word_1_108' title='bbox 975 1493 1098 1553; x_wconf 90' lang='lat' dir='ltr'>Aeduos</span> 
     </span>
    </p>

    <p class='ocr_par' dir='ltr' id='par_1_4' title="bbox 60 1588 1148 2055">
     <span class='ocr_line' id='line_1_15' title="bbox 60 1588 1099 1668; baseline 0.001 -20"><span class='ocrx_word' id='word_1_109' title='bbox 60 1655 64 1661; x_wconf 19' lang='lat'><strong>⁴</strong></span> <span class='ocrx_word' id='word_1_110' title='bbox 98 1591 287 1664; x_wconf 87' lang='lat' dir='ltr'>frumentum,</span> <span class='ocrx_word' id='word_1_111' title='bbox 313 1593 396 1668; x_wconf 95' lang='lat' dir='ltr'>quod</span> <span class='ocrx_word' id='word_1_112' title='bbox 417 1601 515 1651; x_wconf 91' lang='lat' dir='ltr'>essent</span> <span class='ocrx_word' id='word_1_113' title='bbox 539 1589 658 1666; x_wconf 91' lang='lat' dir='ltr'>publice</span> <span class='ocrx_word' id='word_1_114' title='bbox 681 1588 813 1666; x_wconf 91' lang='lat' dir='ltr'>polliciti,</span> <span class='ocrx_word' id='word_1_115' title='bbox 837 1588 975 1665; x_wconf 87' lang='lat' dir='ltr'>flagitare.</span> <span class='ocrx_word' id='word_1_116' title='bbox 1017 1590 1099 1649; x_wconf 88' lang='lat' dir='ltr'>Nam</span> 
     </span>
     <span class='ocr_line' id='line_1_16' title="bbox 98 1686 1148 1768; baseline -0.001 -20"><span class='ocrx_word' id='word_1_117' title='bbox 98 1701 217 1768; x_wconf 89' lang='lat' dir='ltr'>propter</span> <span class='ocrx_word' id='word_1_118' title='bbox 237 1691 352 1767; x_wconf 86' lang='lat' dir='ltr'>frigora,</span> <span class='ocrx_word' id='word_1_119' title='bbox 375 1690 457 1767; x_wconf 92' lang='lat' dir='ltr'>quod</span> <span class='ocrx_word' id='word_1_120' title='bbox 480 1689 577 1750; x_wconf 89' lang='lat' dir='ltr'>Gallia</span> <span class='ocrx_word' id='word_1_121' title='bbox 603 1688 658 1748; x_wconf 93' lang='lat' dir='ltr'>sub</span> <span class='ocrx_word' id='word_1_122' title='bbox 687 1686 943 1764; x_wconf 87' lang='lat' dir='ltr'>septentrionibus,</span> <span class='ocrx_word' id='word_1_123' title='bbox 968 1696 1002 1746; x_wconf 92' lang='lat' dir='ltr'>ut</span> <span class='ocrx_word' id='word_1_124' title='bbox 1029 1698 1098 1747; x_wconf 88' lang='lat' dir='ltr'>ante</span> <span class='ocrx_word' id='word_1_125' title='bbox 1114 1706 1148 1766; x_wconf 84' lang='lat'>15</span> 
     </span>
     <span class='ocr_line' id='line_1_17' title="bbox 99 1783 1099 1864; baseline -0.004 -17"><span class='ocrx_word' id='word_1_126' title='bbox 99 1787 212 1848; x_wconf 92' lang='lat' dir='ltr'>dictum</span> <span class='ocrx_word' id='word_1_127' title='bbox 226 1798 279 1860; x_wconf 94' lang='lat' dir='ltr'>est,</span> <span class='ocrx_word' id='word_1_128' title='bbox 294 1788 391 1864; x_wconf 88' lang='lat' dir='ltr'>posita</span> <span class='ocrx_word' id='word_1_129' title='bbox 404 1797 457 1859; x_wconf 93' lang='lat' dir='ltr'>est,</span> <span class='ocrx_word' id='word_1_130' title='bbox 475 1796 537 1846; x_wconf 87' lang='lat' dir='ltr'>non</span> <span class='ocrx_word' id='word_1_131' title='bbox 557 1785 649 1845; x_wconf 92' lang='lat' dir='ltr'>modo</span> <span class='ocrx_word' id='word_1_132' title='bbox 670 1785 818 1844; x_wconf 87' lang='lat' dir='ltr'>frumenta</span> <span class='ocrx_word' id='word_1_133' title='bbox 836 1783 867 1842; x_wconf 93' lang='lat' dir='ltr'>in</span> <span class='ocrx_word' id='word_1_134' title='bbox 888 1783 962 1860; x_wconf 89' lang='lat' dir='ltr'>agris</span> <span class='ocrx_word' id='word_1_135' title='bbox 984 1795 1099 1843; x_wconf 91' lang='lat' dir='ltr'>matura</span> 
     </span>
     <span class='ocr_line' id='line_1_18' title="bbox 99 1881 1100 1965; baseline -0.002 -22"><span class='ocrx_word' id='word_1_136' title='bbox 99 1904 161 1945; x_wconf 91' lang='lat' dir='ltr'>non</span> <span class='ocrx_word' id='word_1_137' title='bbox 178 1896 270 1958; x_wconf 83' lang='lat' dir='ltr'>erant,</span> <span class='ocrx_word' id='word_1_138' title='bbox 287 1886 340 1944; x_wconf 94' lang='lat' dir='ltr'>sed</span> <span class='ocrx_word' id='word_1_139' title='bbox 353 1905 391 1945; x_wconf 92' lang='lat' dir='ltr'>ne</span> <span class='ocrx_word' id='word_1_140' title='bbox 405 1884 507 1961; x_wconf 90' lang='lat' dir='ltr'>pabuli</span> <span class='ocrx_word' id='word_1_141' title='bbox 520 1883 642 1960; x_wconf 90' lang='lat' dir='ltr'>quidem</span> <span class='ocrx_word' id='word_1_142' title='bbox 655 1881 724 1965; x_wconf 82' lang='lat' dir='ltr'>satis</span> <span class='ocrx_word' id='word_1_143' title='bbox 744 1900 853 1959; x_wconf 90' lang='lat' dir='ltr'>magna</span> <span class='ocrx_word' id='word_1_144' title='bbox 865 1881 952 1958; x_wconf 91' lang='lat' dir='ltr'>copia</span> <span class='ocrx_word' id='word_1_145' title='bbox 965 1892 1100 1959; x_wconf 90' lang='lat' dir='ltr'>suppete-</span> 
     </span>
     <span class='ocr_line' id='line_1_19' title="bbox 98 1977 1098 2055; baseline -0.003 -14"><span class='ocrx_word' id='word_1_146' title='bbox 98 1983 168 2042; x_wconf 89' lang='lat' dir='ltr'>bat:</span> <span class='ocrx_word' id='word_1_147' title='bbox 210 2001 247 2041; x_wconf 93' lang='lat' dir='ltr'>eo</span> <span class='ocrx_word' id='word_1_148' title='bbox 272 1992 373 2042; x_wconf 91' lang='lat' dir='ltr'>autem</span> <span class='ocrx_word' id='word_1_149' title='bbox 403 1983 560 2052; x_wconf 86' lang='lat' dir='ltr'>frument0,</span> <span class='ocrx_word' id='word_1_150' title='bbox 589 1979 672 2055; x_wconf 88' lang='lat' dir='ltr'>quod</span> <span class='ocrx_word' id='word_1_151' title='bbox 703 1977 825 2036; x_wconf 88' lang='lat' dir='ltr'>flumine</span> <span class='ocrx_word' id='word_1_152' title='bbox 855 1980 947 2037; x_wconf 92' lang='lat' dir='ltr'>Arare</span> <span class='ocrx_word' id='word_1_153' title='bbox 974 1978 1098 2038; x_wconf 89' lang='lat' dir='ltr'>navibus</span> 
     </span>
    </p>

    <p class='ocr_par' dir='ltr' id='par_1_5' title="bbox 63 2059 1151 3506">
     <span class='ocr_line' id='line_1_20' title="bbox 63 2059 1098 2156; baseline -0.003 -18"><span class='ocrx_word' id='word_1_154' title='bbox 63 2059 67 2068; x_wconf 48' lang='grc'>’</span> <span class='ocrx_word' id='word_1_155' title='bbox 99 2079 279 2152; x_wconf 88' lang='lat' dir='ltr'>subvexerat,</span> <span class='ocrx_word' id='word_1_156' title='bbox 295 2089 452 2156; x_wconf 88' lang='lat' dir='ltr'>propterea</span> <span class='ocrx_word' id='word_1_157' title='bbox 468 2077 511 2136; x_wconf 90' lang='lat' dir='ltr'>uti</span> <span class='ocrx_word' id='word_1_158' title='bbox 529 2076 628 2136; x_wconf 91' lang='lat' dir='ltr'>minus</span> <span class='ocrx_word' id='word_1_159' title='bbox 645 2085 768 2152; x_wconf 88' lang='lat' dir='ltr'>poterat,</span> <span class='ocrx_word' id='word_1_160' title='bbox 785 2076 868 2151; x_wconf 93' lang='lat' dir='ltr'>quod</span> <span class='ocrx_word' id='word_1_161' title='bbox 884 2075 939 2134; x_wconf 89' lang='lat' dir='ltr'>iter</span> <span class='ocrx_word' id='word_1_162' title='bbox 955 2077 994 2134; x_wconf 90' lang='lat' dir='ltr'>ab</span> <span class='ocrx_word' id='word_1_163' title='bbox 1007 2076 1098 2135; x_wconf 89' lang='lat' dir='ltr'>Arare</span> 
     </span>
     <span class='ocr_line' id='line_1_21' title="bbox 99 2169 1149 2250; baseline -0.004 -18"><span class='ocrx_word' id='word_1_164' title='bbox 99 2173 232 2234; x_wconf 89' lang='lat' dir='ltr'>Helvetii</span> <span class='ocrx_word' id='word_1_165' title='bbox 249 2184 456 2247; x_wconf 87' lang='lat' dir='ltr'>averterant,a</span> <span class='ocrx_word' id='word_1_166' title='bbox 478 2172 585 2250; x_wconf 91' lang='lat' dir='ltr'>quibus</span> <span class='ocrx_word' id='word_1_167' title='bbox 610 2170 763 2232; x_wconf 88' lang='lat' dir='ltr'>discedere</span> <span class='ocrx_word' id='word_1_168' title='bbox 785 2171 913 2231; x_wconf 89' lang='lat' dir='ltr'>nolebat.</span> <span class='ocrx_word' id='word_1_169' title='bbox 957 2169 1048 2229; x_wconf 90' lang='lat' dir='ltr'>Diem</span> <span class='ocrx_word' id='word_1_170' title='bbox 1061 2189 1099 2231; x_wconf 87' lang='lat' dir='ltr'>ex</span> <span class='ocrx_word' id='word_1_171' title='bbox 1113 2191 1149 2229; x_wconf 88' lang='lat'>20</span> 
     </span>
     <span class='ocr_line' id='line_1_22' title="bbox 98 2266 1095 2344; baseline -0.001 -16"><span class='ocrx_word' id='word_1_172' title='bbox 98 2268 148 2330; x_wconf 91' lang='lat' dir='ltr'>die</span> <span class='ocrx_word' id='word_1_173' title='bbox 174 2271 284 2329; x_wconf 88' lang='lat' dir='ltr'>ducere</span> <span class='ocrx_word' id='word_1_174' title='bbox 315 2269 432 2329; x_wconf 91' lang='lat' dir='ltr'>Aedui:</span> <span class='ocrx_word' id='word_1_175' title='bbox 474 2267 608 2342; x_wconf 87' lang='lat' dir='ltr'>conferri,</span> <span class='ocrx_word' id='word_1_176' title='bbox 637 2266 823 2344; x_wconf 89' lang='lat' dir='ltr'>comportari,</span> <span class='ocrx_word' id='word_1_177' title='bbox 852 2268 957 2326; x_wconf 90' lang='lat' dir='ltr'>adesse</span> <span class='ocrx_word' id='word_1_178' title='bbox 990 2266 1095 2327; x_wconf 87' lang='lat' dir='ltr'>dicere·</span> 
     </span>
     <span class='ocr_line' id='line_1_23' title="bbox 99 2361 1099 2440; baseline -0.004 -16"><span class='ocrx_word' id='word_1_179' title='bbox 99 2362 162 2424; x_wconf 90' lang='lat' dir='ltr'>Ubi</span> <span class='ocrx_word' id='word_1_180' title='bbox 185 2384 217 2424; x_wconf 91' lang='lat' dir='ltr'>se</span> <span class='ocrx_word' id='word_1_181' title='bbox 244 2363 354 2424; x_wconf 89' lang='lat' dir='ltr'>diutius</span> <span class='ocrx_word' id='word_1_182' title='bbox 384 2363 454 2423; x_wconf 90' lang='lat' dir='ltr'>duci</span> <span class='ocrx_word' id='word_1_183' title='bbox 481 2363 625 2423; x_wconf 84' lang='lat' dir='ltr'>intellexit</span> <span class='ocrx_word' id='word_1_184' title='bbox 653 2374 683 2424; x_wconf 90' lang='lat' dir='ltr'>et</span> <span class='ocrx_word' id='word_1_185' title='bbox 711 2363 792 2424; x_wconf 89' lang='lat' dir='ltr'>diem</span> <span class='ocrx_word' id='word_1_186' title='bbox 819 2363 937 2437; x_wconf 88' lang='lat' dir='ltr'>instare,</span> <span class='ocrx_word' id='word_1_187' title='bbox 961 2382 1022 2440; x_wconf 92' lang='lat' dir='ltr'>quo</span> <span class='ocrx_word' id='word_1_188' title='bbox 1049 2361 1099 2421; x_wconf 92' lang='lat' dir='ltr'>die</span> 
     </span>
     <span class='ocr_line' id='line_1_24' title="bbox 98 2459 1099 2537; baseline 0.001 -19"><span class='ocrx_word' id='word_1_189' title='bbox 98 2463 278 2520; x_wconf 86' lang='lat' dir='ltr'>frumentum</span> <span class='ocrx_word' id='word_1_190' title='bbox 311 2461 453 2522; x_wconf 91' lang='lat' dir='ltr'>militibus</span> <span class='ocrx_word' id='word_1_191' title='bbox 480 2460 576 2524; x_wconf 89' lang='lat' dir='ltr'>metiri</span> <span class='ocrx_word' id='word_1_192' title='bbox 606 2472 762 2537; x_wconf 90' lang='lat' dir='ltr'>oporteret,</span> <span class='ocrx_word' id='word_1_193' title='bbox 792 2459 963 2520; x_wconf 88' lang='lat' dir='ltr'>convocatis</span> <span class='ocrx_word' id='word_1_194' title='bbox 995 2479 1099 2520; x_wconf 90' lang='lat' dir='ltr'>eorum</span> 
     </span>
     <span class='ocr_line' id='line_1_25' title="bbox 98 2556 1145 2635; baseline -0.001 -19"><span class='ocrx_word' id='word_1_195' title='bbox 98 2556 287 2634; x_wconf 91' lang='lat' dir='ltr'>principibus,</span> <span class='ocrx_word' id='word_1_196' title='bbox 303 2577 428 2633; x_wconf 91' lang='lat' dir='ltr'>quorum</span> <span class='ocrx_word' id='word_1_197' title='bbox 452 2577 592 2635; x_wconf 87' lang='lat' dir='ltr'>magnam</span> <span class='ocrx_word' id='word_1_198' title='bbox 610 2557 730 2634; x_wconf 91' lang='lat' dir='ltr'>copiam</span> <span class='ocrx_word' id='word_1_199' title='bbox 748 2557 779 2616; x_wconf 92' lang='lat' dir='ltr'>in</span> <span class='ocrx_word' id='word_1_200' title='bbox 797 2556 1052 2630; x_wconf 84' lang='lat' dir='ltr'>castris—habebat,</span> <span class='ocrx_word' id='word_1_201' title='bbox 1068 2557 1099 2615; x_wconf 93' lang='lat' dir='ltr'>in</span> <span class='ocrx_word' id='word_1_202' title='bbox 1144 2564 1145 2568; x_wconf 78' lang='grc'>’</span> 
     </span>
     <span class='ocr_line' id='line_1_26' title="bbox 98 2651 1148 2731; baseline 0.002 -21"><span class='ocrx_word' id='word_1_203' title='bbox 98 2651 143 2712; x_wconf 92' lang='lat' dir='ltr'>his</span> <span class='ocrx_word' id='word_1_204' title='bbox 171 2651 320 2712; x_wconf 90' lang='lat' dir='ltr'>Divitiaco</span> <span class='ocrx_word' id='word_1_205' title='bbox 347 2662 376 2712; x_wconf 94' lang='lat' dir='ltr'>et</span> <span class='ocrx_word' id='word_1_206' title='bbox 401 2652 498 2723; x_wconf 90' lang='lat' dir='ltr'>Lisco,</span> <span class='ocrx_word' id='word_1_207' title='bbox 522 2651 574 2727; x_wconf 94' lang='lat' dir='ltr'>qui</span> <span class='ocrx_word' id='word_1_208' title='bbox 603 2672 720 2712; x_wconf 92' lang='lat' dir='ltr'>summo</span> <span class='ocrx_word' id='word_1_209' title='bbox 748 2651 930 2728; x_wconf 91' lang='lat' dir='ltr'>magistratui</span> <span class='ocrx_word' id='word_1_210' title='bbox 956 2662 1098 2729; x_wconf 87' lang='lat' dir='ltr'>praeerat,</span> <span class='ocrx_word' id='word_1_211' title='bbox 1113 2671 1148 2731; x_wconf 83' lang='lat'>25</span> 
     </span>
     <span class='ocr_line' id='line_1_27' title="bbox 98 2748 1099 2826; baseline 0.001 -18"><span class='ocrx_word' id='word_1_212' title='bbox 98 2767 187 2826; x_wconf 90' lang='lat' dir='ltr'>quem</span> <span class='ocrx_word' id='word_1_213' title='bbox 213 2751 420 2825; x_wconf 87' lang='lat' dir='ltr'>vergobretum</span> <span class='ocrx_word' id='word_1_214' title='bbox 447 2752 598 2826; x_wconf 91' lang='lat' dir='ltr'>appellant</span> <span class='ocrx_word' id='word_1_215' title='bbox 625 2748 732 2821; x_wconf 90' lang='lat' dir='ltr'>Aedui,</span> <span class='ocrx_word' id='word_1_216' title='bbox 763 2748 814 2826; x_wconf 90' lang='lat' dir='ltr'>qui</span> <span class='ocrx_word' id='word_1_217' title='bbox 841 2760 956 2808; x_wconf 89' lang='lat' dir='ltr'>creatur</span> <span class='ocrx_word' id='word_1_218' title='bbox 984 2769 1099 2809; x_wconf 89' lang='lat' dir='ltr'>annuus</span> 
     </span>
     <span class='ocr_line' id='line_1_28' title="bbox 98 2844 1099 2924; baseline 0.003 -18"><span class='ocrx_word' id='word_1_219' title='bbox 98 2858 127 2907; x_wconf 91' lang='lat' dir='ltr'>et</span> <span class='ocrx_word' id='word_1_220' title='bbox 149 2844 228 2905; x_wconf 89' lang='lat' dir='ltr'>vitae</span> <span class='ocrx_word' id='word_1_221' title='bbox 252 2845 393 2921; x_wconf 91' lang='lat' dir='ltr'>necisque</span> <span class='ocrx_word' id='word_1_222' title='bbox 417 2844 449 2904; x_wconf 93' lang='lat' dir='ltr'>in</span> <span class='ocrx_word' id='word_1_223' title='bbox 473 2865 543 2906; x_wconf 92' lang='lat' dir='ltr'>suos</span> <span class='ocrx_word' id='word_1_224' title='bbox 565 2847 656 2906; x_wconf 90' lang='lat' dir='ltr'>habet</span> <span class='ocrx_word' id='word_1_225' title='bbox 680 2857 867 2923; x_wconf 88' lang='lat' dir='ltr'>potestatem,</span> <span class='ocrx_word' id='word_1_226' title='bbox 896 2845 1021 2924; x_wconf 86' lang='lat' dir='ltr'>graviter</span> <span class='ocrx_word' id='word_1_227' title='bbox 1048 2867 1099 2909; x_wconf 92' lang='lat' dir='ltr'>eos</span> 
     </span>
     <span class='ocr_line' id='line_1_29' title="bbox 97 2943 1098 3023; baseline 0.005 -21"><span class='ocrx_word' id='word_1_228' title='bbox 97 2953 224 3018; x_wconf 88' lang='lat' dir='ltr'>accusat,</span> <span class='ocrx_word' id='word_1_229' title='bbox 241 2944 330 3018; x_wconf 91' lang='lat' dir='ltr'>quod,</span> <span class='ocrx_word' id='word_1_230' title='bbox 347 2964 415 3002; x_wconf 92' lang='lat' dir='ltr'>cum</span> <span class='ocrx_word' id='word_1_231' title='bbox 432 2961 530 3018; x_wconf 89' lang='lat' dir='ltr'>neque</span> <span class='ocrx_word' id='word_1_232' title='bbox 548 2943 607 3003; x_wconf 90' lang='lat' dir='ltr'>emi</span> <span class='ocrx_word' id='word_1_233' title='bbox 624 2963 723 3020; x_wconf 91' lang='lat' dir='ltr'>neque</span> <span class='ocrx_word' id='word_1_234' title='bbox 743 2965 780 3004; x_wconf 84' lang='lat' dir='ltr'>ex</span> <span class='ocrx_word' id='word_1_235' title='bbox 801 2944 875 3022; x_wconf 89' lang='lat' dir='ltr'>agris</span> <span class='ocrx_word' id='word_1_236' title='bbox 892 2943 968 3005; x_wconf 90' lang='lat' dir='ltr'>sumi</span> <span class='ocrx_word' id='word_1_237' title='bbox 989 2957 1098 3023; x_wconf 88' lang='lat' dir='ltr'>posset,</span> 
     </span>
     <span class='ocr_line' id='line_1_30' title="bbox 97 3039 1100 3119; baseline 0 -17"><span class='ocrx_word' id='word_1_238' title='bbox 97 3055 159 3102; x_wconf 89' lang='lat' dir='ltr'>tam</span> <span class='ocrx_word' id='word_1_239' title='bbox 172 3039 338 3100; x_wconf 90' lang='lat' dir='ltr'>necessario</span> <span class='ocrx_word' id='word_1_240' title='bbox 352 3051 494 3118; x_wconf 91' lang='lat' dir='ltr'>tempore,</span> <span class='ocrx_word' id='word_1_241' title='bbox 509 3052 570 3101; x_wconf 85' lang='lat' dir='ltr'>tam</span> <span class='ocrx_word' id='word_1_242' title='bbox 584 3042 759 3119; x_wconf 92' lang='lat' dir='ltr'>propinquis</span> <span class='ocrx_word' id='word_1_243' title='bbox 776 3042 910 3102; x_wconf 93' lang='lat' dir='ltr'>hostibus</span> <span class='ocrx_word' id='word_1_244' title='bbox 929 3044 968 3102; x_wconf 92' lang='lat' dir='ltr'>ab</span> <span class='ocrx_word' id='word_1_245' title='bbox 982 3043 1025 3102; x_wconf 92' lang='lat' dir='ltr'>eis</span> <span class='ocrx_word' id='word_1_246' title='bbox 1038 3063 1100 3105; x_wconf 92' lang='lat' dir='ltr'>non</span> 
     </span>
     <span class='ocr_line' id='line_1_31' title="bbox 97 3136 1151 3222; baseline 0.007 -26"><span class='ocrx_word' id='word_1_247' title='bbox 97 3137 284 3210; x_wconf 85' lang='lat' dir='ltr'>sublevetur;</span> <span class='ocrx_word' id='word_1_248' title='bbox 303 3136 475 3214; x_wconf 87' lang='lat' dir='ltr'>praesertim</span> <span class='ocrx_word' id='word_1_249' title='bbox 496 3157 564 3196; x_wconf 92' lang='lat' dir='ltr'>cum</span> <span class='ocrx_word' id='word_1_250' title='bbox 578 3157 688 3214; x_wconf 89' lang='lat' dir='ltr'>magna</span> <span class='ocrx_word' id='word_1_251' title='bbox 702 3149 833 3215; x_wconf 85' lang='lat' dir='ltr'>exparte</span> <span class='ocrx_word' id='word_1_252' title='bbox 849 3158 950 3198; x_wconf 90' lang='lat' dir='ltr'>eorum</span> <span class='ocrx_word' id='word_1_253' title='bbox 965 3138 1100 3216; x_wconf 88' lang='lat' dir='ltr'>precibus</span> <span class='ocrx_word' id='word_1_254' title='bbox 1114 3166 1151 3222; x_wconf 87' lang='lat'>30</span> 
     </span>
     <span class='ocr_line' id='line_1_32' title="bbox 97 3233 1100 3318; baseline 0.004 -25"><span class='ocrx_word' id='word_1_255' title='bbox 97 3233 242 3318; x_wconf 88' lang='lat' dir='ltr'>adductus</span> <span class='ocrx_word' id='word_1_256' title='bbox 269 3233 381 3292; x_wconf 90' lang='lat' dir='ltr'>bellum</span> <span class='ocrx_word' id='word_1_257' title='bbox 410 3233 570 3309; x_wconf 89' lang='lat' dir='ltr'>susceperit</span> <span class='ocrx_word' id='word_1_258' title='bbox 582 3255 592 3309; x_wconf 78' lang='lat'><em>3</em></span> <span class='ocrx_word' id='word_1_259' title='bbox 626 3236 722 3293; x_wconf 92' lang='lat' dir='ltr'>multo</span> <span class='ocrx_word' id='word_1_260' title='bbox 750 3233 840 3294; x_wconf 82' lang='lat' dir='ltr'>etiarn</span> <span class='ocrx_word' id='word_1_261' title='bbox 866 3234 988 3312; x_wconf 89' lang='lat' dir='ltr'>gravius,</span> <span class='ocrx_word' id='word_1_262' title='bbox 1018 3239 1100 3313; x_wconf 95' lang='lat' dir='ltr'>quod</span> 
     </span>
     <span class='ocr_line' id='line_1_33' title="bbox 97 3328 1101 3411; baseline 0.002 -21"><span class='ocrx_word' id='word_1_263' title='bbox 97 3328 134 3390; x_wconf 90' lang='lat' dir='ltr'>sit</span> <span class='ocrx_word' id='word_1_264' title='bbox 153 3328 318 3404; x_wconf 88' lang='lat' dir='ltr'>destitutus,</span> <span class='ocrx_word' id='word_1_265' title='bbox 334 3329 472 3407; x_wconf 91' lang='lat' dir='ltr'>queritur.</span> <span class='ocrx_word' id='word_1_266' title='bbox 518 3346 563 3405; x_wconf 88' lang='lat'>17.</span> <span class='ocrx_word' id='word_1_267' title='bbox 606 3332 686 3390; x_wconf 91' lang='lat' dir='ltr'>Tum</span> <span class='ocrx_word' id='word_1_268' title='bbox 703 3332 825 3391; x_wconf 91' lang='lat' dir='ltr'>demum</span> <span class='ocrx_word' id='word_1_269' title='bbox 844 3331 948 3411; x_wconf 86' lang='lat' dir='ltr'>Liscus</span> <span class='ocrx_word' id='word_1_270' title='bbox 967 3331 1101 3392; x_wconf 89' lang='lat' dir='ltr'>oratione</span> 
     </span>
     <span class='ocr_line' id='line_1_34' title="bbox 97 3425 1129 3506; baseline -0.01 -18"><span class='ocrx_word' id='word_1_271' title='bbox 97 3425 231 3488; x_wconf 89' lang='lat' dir='ltr'>Caesaris</span> <span class='ocrx_word' id='word_1_272' title='bbox 258 3428 414 3503; x_wconf 90' lang='lat' dir='ltr'>adductus,</span> <span class='ocrx_word' id='word_1_273' title='bbox 444 3428 526 3506; x_wconf 91' lang='lat' dir='ltr'>quod</span> <span class='ocrx_word' id='word_1_274' title='bbox 549 3437 640 3490; x_wconf 87' lang='lat' dir='ltr'>antea</span> <span class='ocrx_word' id='word_1_275' title='bbox 665 3438 817 3503; x_wconf 82' lang='lat' dir='ltr'>tacuerat,</span> <span class='ocrx_word' id='word_1_276' title='bbox 838 3425 1018 3506; x_wconf 59' lang='lat' dir='ltr'>propedius</span> <span class='ocrx_word' id='word_1_277' title='bbox 1034 3427 1129 3478; x_wconf 47' lang='lat' dir='ltr'>nisse</span> 
     </span>
    </p>
   </div>
   <div class='ocr_carea' id='block_1_3' title="bbox 121 3531 1078 3602">
    <p class='ocr_par' dir='ltr' id='par_1_6' title="bbox 121 3531 1078 3602">
     <span class='ocr_line' id='line_1_35' title="bbox 121 3531 1078 3602; baseline 0.001 -2"><span class='ocrx_word' id='word_1_278' title='bbox 121 3531 264 3602; x_wconf 57' lang='lat' dir='ltr'>Plini.</span> <span class='ocrx_word' id='word_1_279' title='bbox 1054 3544 1078 3582; x_wconf 75' lang='lat'>&#39;³-</span> 
     </span>
    </p>
   </div>
   <div class='ocr_carea' id='block_1_4' title="bbox 0 0 1242 3796">
    <p class='ocr_par' dir='ltr' id='par_1_7' title="bbox 0 0 1242 3796">
     <span class='ocr_line' id='line_1_36' title="bbox 0 0 1242 3796; baseline 0 0"><span class='ocrx_word' id='word_1_280' title='bbox 0 0 1242 3796; x_wconf 95' lang='lat' dir='ltr'> </span> 
     </span>
    </p>
   </div>
  </div>
 </body>
</html>
