2476 3796
148 236 185 288 42
410 216 480 276 DE
505 217 655 276 BELLO
683 217 878 277 GALLICO

146 345 257 423 copiis3
291 345 345 407 sed
371 343 446 403 ratio
474 345 609 420 ordoque
636 341 762 419 agminis
789 342 873 403 aliter
899 361 931 403 se
958 343 1087 404 habebat
1114 364 1151 402 ac

146 446 254 520 Belgae
281 445 320 502 ad
349 441 475 502 Nervios
503 442 677 501 detulerant
721 441 801 499 Nam
832 441 915 516 quod
941 440 1019 500 hosti
1046 460 1151 517 appro-

145 539 317 617 pinquabat,
332 540 548 600 consuetudine
568 558 623 599 sua
644 541 754 601 Caesar
770 558 821 598 sex
843 537 975 615 legiones
997 538 1149 615 expeditas

146 640 290 712 ducebat,
323 649 392 716 post
407 658 457 697 eas
472 638 562 698 totius
577 638 720 698 exercitus
734 637 950 714 impedimenta
968 639 1147 712 collocarat3

115 754 131 812 5
146 735 216 797 inde
230 739 308 797 duae
329 739 469 813 legioneS,
485 756 561 813 quae
580 755 725 813 proxume
744 735 928 812 conscriptae
946 747 1036 807 erant,
1052 747 1149 795 totum

145 855 252 914 agmen
266 837 446 896 claudebant
460 835 669 912 praesidioque
683 833 903 910 impedimentis
912 844 1003 893 erant.
1026 834 1148 910 Equites

145 934 239 994 nostri
266 954 335 994 cum
366 933 566 994 funditoribus
596 933 810 1010 sagittariisque
838 933 948 992 flumen
978 933 1148 1009 transgressi

145 1052 215 1091 cum
242 1032 373 1092 hostium
405 1031 538 1108 equitatu
567 1029 712 1107 proelium
743 1029 961 1090 commiserunt.
1005 1033 1082 1091 Cum
1116 1051 1148 1090 se

144 1130 186 1190 illi
208 1129 373 1190 identidem
389 1129 420 1188 in
435 1129 522 1190 silvas
537 1130 576 1189 ad
591 1148 659 1188 suos
673 1127 839 1205 reciperent
853 1149 888 1187 ac
902 1148 999 1188 rursus
1021 1149 1057 1189 ex
1075 1129 1148 1188 silva

97 1242 132 1281 10
144 1225 176 1284 in
184 1238 300 1286 nostros
310 1225 457 1302 impetum
467 1226 606 1296 facerent,
617 1243 715 1299 neque
726 1223 950 1302 nostrilongius,
960 1246 1147 1302 quamquem

67 1320 70 1327 ’
144 1327 184 1385 ad
198 1328 289 1387 finem
308 1336 444 1403 porrecta
462 1326 530 1384 loca
546 1338 648 1402 aperta
661 1323 858 1402 pertinebant,
874 1327 1014 1386 cedentes
1033 1325 1147 1402 insequi

144 1425 295 1495 auderent,
310 1423 426 1482 interim
446 1423 578 1500 legiones
597 1442 657 1498 sex,
674 1443 750 1499 quae
764 1423 878 1500 primae
891 1436 1042 1498 venerant,
1058 1445 1147 1502 opere

145 1521 280 1582 dimenso
295 1534 389 1582 castra
403 1521 519 1581 munire
533 1533 705 1598 coeperunt.
729 1554 731 1560 ·
748 1520 811 1582 Ubi
824 1522 921 1598 prima
933 1520 1147 1598 impedimenta

143 1621 234 1682 nostri
263 1621 408 1681 exercitus
433 1621 473 1705 *ab
495 1620 545 1696 eis,
573 1621 623 1697 qui
645 1621 676 1680 in
699 1621 786 1680 silvas
807 1620 901 1681 abditi
922 1622 1062 1696 latebant,
1084 1621 1147 1681 visa

95 1735 129 1794 15
144 1729 219 1789 sunt,
235 1719 317 1794 quod
332 1728 450 1794 tempus
465 1717 541 1777 inter
555 1737 606 1777 eos
622 1717 828 1778 committendi
842 1718 946 1795 proelii
959 1733 1145 1793 convenerat,

143 1829 176 1877 ut
202 1815 279 1876 intra
306 1815 392 1876 silvas
420 1815 515 1875 aciem
544 1815 721 1892 ordinesque
745 1815 957 1876 constituerant
978 1826 1067 1892 atque
1089 1817 1146 1893 ipsi

142 1932 207 1973 sese
229 1915 482 1987 confirmaverant,
508 1913 607 1973 subito
635 1913 773 1973 omnibus
800 1912 894 1990 copiis
920 1915 1146 1991 provolaverunt

142 2010 347 2088 impetumque
365 2011 396 2070 in
415 2024 532 2071 nostros
550 2011 665 2087 equites
686 2013 826 2072 fecerunt.
869 2011 928 2070 His
946 2013 1032 2071 facile
1053 2013 1145 2089 pulsis

142 2129 178 2169 ac
192 2109 370 2186 proturbatis
385 2109 551 2170 incredibili
566 2110 717 2170 celeritate
732 2112 770 2169 ad
785 2111 896 2169 flumen
910 2110 1144 2181 decucurrerunt,

92 2224 129 2262 20
141 2218 175 2267 ut
200 2227 297 2285 paene
320 2227 381 2267 uno
405 2218 540 2285 tempore
568 2219 598 2268 et
620 2209 660 2267 ad
684 2207 770 2268 silvas
793 2218 822 2267 et
845 2207 876 2266 in
895 2207 1015 2267 flumine
1037 2219 1067 2268 et
1086 2209 1144 2268 iam

141 2307 173 2366 in
195 2307 332 2366 manibus
351 2305 458 2366 nostris
481 2308 582 2367 hostes
602 2306 776 2366 viderentur.
820 2307 936 2365 Eadem
957 2316 1056 2365 autem
1072 2308 1146 2366 cele-

140 2404 225 2465 ritate
254 2406 378 2464 adverso
408 2405 485 2464 colle
512 2405 552 2464 ad
579 2415 680 2463 nostra
707 2414 803 2464 castra
830 2416 920 2478 atque
948 2423 1008 2476 eos,
1037 2404 1088 2481 qui
1114 2406 1145 2464 in

140 2521 231 2579 opere
259 2501 398 2579 occupati
426 2513 518 2576 erant,
541 2504 765 2563 contenderunt.
811 2522 856 2561 20.
900 2501 1018 2564 Caesari
1045 2505 1145 2563 omnia

139 2620 202 2661 uno
226 2611 359 2677 tempore
382 2612 465 2661 erant
489 2604 625 2678 agenda:
645 2601 787 2661 vexillum
807 2604 1045 2679 proponendum,
1061 2607 1143 2678 quod

90 2709 126 2768 25
140 2709 201 2758 erat
224 2698 345 2776 insigne,
362 2718 431 2758 cum
455 2700 494 2759 ad
514 2719 596 2758 arma
613 2700 747 2760 concurri
765 2712 920 2778 oporteret,
936 2701 1052 2777 signum
1073 2707 1144 2763 tuba

139 2793 281 2868 dandum,
308 2795 346 2856 ab
376 2814 468 2872 opere
494 2794 656 2855 revocandi
683 2794 800 2868 milites
833 2794 884 2871 qui
910 2798 1000 2872 paulo
1027 2797 1143 2874 longius

138 2890 250 2966 aggeris
268 2892 390 2968 petendi
409 2912 499 2952 causa
520 2903 731 2968 processerant,
747 2892 922 2967 arcessendi,
941 2893 1020 2953 acies
1039 2893 1143 2956 instru-

139 2987 224 3059 enda,
240 2986 347 3046 milites
371 2985 556 3061 cohortandi,
572 2986 689 3064 signum
711 2988 852 3048 dandum.
896 2989 1029 3064 Quarum
1045 3011 1142 3052 rerum

137 3098 277 3157 magnam
305 3095 420 3159 partem
451 3081 591 3159 temporis
619 3083 746 3143 brevitas
774 3093 804 3143 et
831 3104 984 3144 successus
1012 3085 1142 3147 hostium

86 3190 124 3246 30
135 3176 329 3253 impediebat.
374 3177 431 3236 His
457 3178 677 3238 difficultatibus
705 3181 783 3239 duae
810 3199 856 3239 res
885 3191 968 3240 erant
998 3182 1139 3258 subsidio,

136 3274 261 3334 scientia
288 3286 377 3351 atque
409 3295 480 3334 usus
514 3275 651 3348 militum,
681 3278 763 3353 quod
794 3275 992 3354 superioribus
1023 3282 1141 3355 proeliis

136 3372 296 3444 exercitati,
320 3361 392 3449 quid
416 3371 479 3433 fieri
502 3386 660 3451 oporteret,
686 3395 749 3435 non
777 3375 876 3435 minus
904 3380 1064 3441 commode
1084 3379 1141 3457 ipsi

115 3467 185 3521 Sl'bl'
199 3472 419 3544 praescribere,
437 3491 530 3549 quarn
559 3475 599 3535 ab
626 3473 691 3535 aliis
713 3473 815 3536 doceri
839 3485 985 3553 poterant,
1005 3488 1035 3539 et
1057 3481 1140 3554 quod
