<?xml version="1.0" encoding="UTF-8"?>
<!DOCTYPE html PUBLIC "-//W3C//DTD XHTML 1.0 Transitional//EN"
    "http://www.w3.org/TR/xhtml1/DTD/xhtml1-transitional.dtd">
<html xmlns="http://www.w3.org/1999/xhtml" xml:lang="en" lang="en">
 <head>
  <title>
</title>
<meta http-equiv="Content-Type" content="text/html;charset=utf-8" />
  <meta name='ocr-system' content='tesseract 3.04.00' />
  <meta name='ocr-capabilities' content='ocr_page ocr_carea ocr_par ocr_line ocrx_word'/>
</head>
<body>
  <div class='ocr_page' id='page_1' title='image "./gaiiulicaesaris00peskgoog_0053.png"; bbox 0 0 2476 3796; ppageno 0'>
   <div class='ocr_carea' id='block_1_1' title="bbox 140 205 877 282">
    <p class='ocr_par' dir='ltr' id='par_1_1' title="bbox 140 205 877 282">
     <span class='ocr_line' id='line_1_1' title="bbox 140 205 877 282; baseline -0.001 -15"><span class='ocrx_word' id='word_1_1' title='bbox 140 225 180 282; x_wconf 79' lang='lat'>30</span> <span class='ocrx_word' id='word_1_2' title='bbox 406 206 474 264; x_wconf 83' lang='lat' dir='ltr'>DE</span> <span class='ocrx_word' id='word_1_3' title='bbox 500 205 652 264; x_wconf 74' lang='lat' dir='ltr'>narro</span> <span class='ocrx_word' id='word_1_4' title='bbox 681 205 877 266; x_wconf 78' lang='lat' dir='ltr'>GArcho</span> 
     </span>
    </p>
   </div>
   <div class='ocr_carea' id='block_1_2' title="bbox 92 319 1144 3502">
    <p class='ocr_par' dir='ltr' id='par_1_2' title="bbox 140 319 1143 694">
     <span class='ocr_line' id='line_1_2' title="bbox 140 319 1143 411; baseline 0.002 -17"><span class='ocrx_word' id='word_1_5' title='bbox 140 335 209 395; x_wconf 93' lang='lat' dir='ltr'>loco</span> <span class='ocrx_word' id='word_1_6' title='bbox 223 319 372 394; x_wconf 76' lang='lat' dir='ltr'>&#39;Germani</span> <span class='ocrx_word' id='word_1_7' title='bbox 392 335 598 407; x_wconf 88' lang='lat' dir='ltr'>consederant,</span> <span class='ocrx_word' id='word_1_8' title='bbox 613 332 729 394; x_wconf 88' lang='lat' dir='ltr'>circiter</span> <span class='ocrx_word' id='word_1_9' title='bbox 749 353 853 410; x_wconf 87' lang='lat' dir='ltr'>passus</span> <span class='ocrx_word' id='word_1_10' title='bbox 871 344 1024 394; x_wconf 90' lang='lat' dir='ltr'>sexcentos</span> <span class='ocrx_word' id='word_1_11' title='bbox 1037 334 1077 396; x_wconf 90' lang='lat' dir='ltr'>ab</span> <span class='ocrx_word' id='word_1_12' title='bbox 1091 333 1143 411; x_wconf 89' lang='lat' dir='ltr'>eis,</span> 
     </span>
     <span class='ocr_line' id='line_1_3' title="bbox 141 429 1143 507; baseline 0.001 -17"><span class='ocrx_word' id='word_1_13' title='bbox 141 429 243 490; x_wconf 85' lang='lat' dir='ltr'>castris</span> <span class='ocrx_word' id='word_1_14' title='bbox 265 429 407 489; x_wconf 90' lang='lat' dir='ltr'>idoneum</span> <span class='ocrx_word' id='word_1_15' title='bbox 424 430 524 489; x_wconf 91' lang='lat' dir='ltr'>locum</span> <span class='ocrx_word' id='word_1_16' title='bbox 544 429 654 507; x_wconf 88' lang='lat' dir='ltr'>delegit</span> <span class='ocrx_word' id='word_1_17' title='bbox 673 429 797 506; x_wconf 86' lang='lat' dir='ltr'>acieque</span> <span class='ocrx_word' id='word_1_18' title='bbox 819 429 926 506; x_wconf 90' lang='lat' dir='ltr'>triplici</span> <span class='ocrx_word' id='word_1_19' title='bbox 942 429 1084 490; x_wconf 87' lang='lat' dir='ltr'>instructa</span> <span class='ocrx_word' id='word_1_20' title='bbox 1104 432 1143 491; x_wconf 89' lang='lat' dir='ltr'>ad</span> 
     </span>
     <span class='ocr_line' id='line_1_4' title="bbox 140 524 1143 587; baseline 0.001 -1"><span class='ocrx_word' id='word_1_21' title='bbox 140 544 212 586; x_wconf 86' lang='lat' dir='ltr'>cum</span> <span class='ocrx_word' id='word_1_22' title='bbox 240 526 341 584; x_wconf 92' lang='lat' dir='ltr'>locum</span> <span class='ocrx_word' id='word_1_23' title='bbox 368 524 459 586; x_wconf 89' lang='lat' dir='ltr'>venit.</span> <span class='ocrx_word' id='word_1_24' title='bbox 501 524 631 584; x_wconf 86' lang='lat' dir='ltr'>Primam</span> <span class='ocrx_word' id='word_1_25' title='bbox 652 536 682 585; x_wconf 89' lang='lat' dir='ltr'>et</span> <span class='ocrx_word' id='word_1_26' title='bbox 703 526 866 586; x_wconf 90' lang='lat' dir='ltr'>secundam</span> <span class='ocrx_word' id='word_1_27' title='bbox 887 525 982 585; x_wconf 85' lang='lat' dir='ltr'>aciem</span> <span class='ocrx_word' id='word_1_28' title='bbox 1003 526 1143 587; x_wconf 90' lang='lat' dir='ltr'>inarmis</span> 
     </span>
     <span class='ocr_line' id='line_1_5' title="bbox 142 621 1143 694; baseline 0.002 -12"><span class='ocrx_word' id='word_1_29' title='bbox 142 641 216 694; x_wconf 92' lang='lat' dir='ltr'>esse,</span> <span class='ocrx_word' id='word_1_30' title='bbox 245 621 361 682; x_wconf 84' lang='lat' dir='ltr'>tertiam</span> <span class='ocrx_word' id='word_1_31' title='bbox 389 633 485 683; x_wconf 89' lang='lat' dir='ltr'>castra</span> <span class='ocrx_word' id='word_1_32' title='bbox 511 623 628 684; x_wconf 91' lang='lat' dir='ltr'>munire</span> <span class='ocrx_word' id='word_1_33' title='bbox 655 623 747 684; x_wconf 81' lang='lat' dir='ltr'>iussit</span> <span class='ocrx_word' id='word_1_34' title='bbox 792 623 854 683; x_wconf 93' lang='lat' dir='ltr'>Hic</span> <span class='ocrx_word' id='word_1_35' title='bbox 881 624 965 682; x_wconf 91' lang='lat' dir='ltr'>locus</span> <span class='ocrx_word' id='word_1_36' title='bbox 992 623 1030 682; x_wconf 90' lang='lat' dir='ltr'>ab</span> <span class='ocrx_word' id='word_1_37' title='bbox 1057 624 1143 684; x_wconf 92' lang='lat' dir='ltr'>hoste</span> 
     </span>
    </p>

    <p class='ocr_par' dir='ltr' id='par_1_3' title="bbox 112 713 1144 1081">
     <span class='ocr_line' id='line_1_6' title="bbox 112 713 1144 794; baseline 0.004 -21"><span class='ocrx_word' id='word_1_38' title='bbox 112 735 128 794; x_wconf 82' lang='lat'>5</span> <span class='ocrx_word' id='word_1_39' title='bbox 143 713 257 774; x_wconf 91' lang='lat' dir='ltr'>circiter</span> <span class='ocrx_word' id='word_1_40' title='bbox 270 734 374 791; x_wconf 90' lang='lat' dir='ltr'>passus</span> <span class='ocrx_word' id='word_1_41' title='bbox 388 727 551 791; x_wconf 88' lang='lat' dir='ltr'>sexcentos,</span> <span class='ocrx_word' id='word_1_42' title='bbox 568 716 612 776; x_wconf 93' lang='lat' dir='ltr'>uti</span> <span class='ocrx_word' id='word_1_43' title='bbox 626 717 740 777; x_wconf 88' lang='lat' dir='ltr'>dictum</span> <span class='ocrx_word' id='word_1_44' title='bbox 754 728 809 790; x_wconf 90' lang='lat' dir='ltr'>est,</span> <span class='ocrx_word' id='word_1_45' title='bbox 821 718 931 777; x_wconf 86' lang='lat' dir='ltr'>aberat.</span> <span class='ocrx_word' id='word_1_46' title='bbox 969 720 1015 778; x_wconf 91' lang='lat' dir='ltr'>Eo</span> <span class='ocrx_word' id='word_1_47' title='bbox 1030 717 1144 778; x_wconf 88' lang='lat' dir='ltr'>circiter</span> 
     </span>
     <span class='ocr_line' id='line_1_7' title="bbox 142 798 1143 890; baseline 0.005 -22"><span class='ocrx_word' id='word_1_48' title='bbox 142 810 299 869; x_wconf 90' lang='lat' dir='ltr'>hominum</span> <span class='ocrx_word' id='word_1_49' title='bbox 313 798 436 872; x_wconf 86' lang='lat' dir='ltr'>numero</span> <span class='ocrx_word' id='word_1_50' title='bbox 448 813 579 872; x_wconf 89' lang='lat' dir='ltr'>sedecim</span> <span class='ocrx_word' id='word_1_51' title='bbox 589 813 669 873; x_wconf 89' lang='lat' dir='ltr'>milia</span> <span class='ocrx_word' id='word_1_52' title='bbox 680 813 819 890; x_wconf 86' lang='lat' dir='ltr'>expedita</span> <span class='ocrx_word' id='word_1_53' title='bbox 833 832 902 872; x_wconf 94' lang='lat' dir='ltr'>cum</span> <span class='ocrx_word' id='word_1_54' title='bbox 916 813 999 872; x_wconf 91' lang='lat' dir='ltr'>omni</span> <span class='ocrx_word' id='word_1_55' title='bbox 1010 813 1143 890; x_wconf 91' lang='lat' dir='ltr'>equitatu</span> 
     </span>
     <span class='ocr_line' id='line_1_8' title="bbox 142 906 1143 986; baseline 0.003 -21"><span class='ocrx_word' id='word_1_56' title='bbox 142 906 306 967; x_wconf 90' lang='lat' dir='ltr'>Ariovistus</span> <span class='ocrx_word' id='word_1_57' title='bbox 327 907 414 982; x_wconf 91' lang='lat' dir='ltr'>misit,</span> <span class='ocrx_word' id='word_1_58' title='bbox 437 929 514 986; x_wconf 87' lang='lat' dir='ltr'>quae</span> <span class='ocrx_word' id='word_1_59' title='bbox 535 910 639 986; x_wconf 92' lang='lat' dir='ltr'>copiae</span> <span class='ocrx_word' id='word_1_60' title='bbox 667 921 784 970; x_wconf 90' lang='lat' dir='ltr'>nostros</span> <span class='ocrx_word' id='word_1_61' title='bbox 811 919 1005 986; x_wconf 88' lang='lat' dir='ltr'>perterrerent</span> <span class='ocrx_word' id='word_1_62' title='bbox 1031 919 1062 968; x_wconf 89' lang='lat' dir='ltr'>et</span> <span class='ocrx_word' id='word_1_63' title='bbox 1081 929 1143 968; x_wconf 92' lang='lat' dir='ltr'>mu-</span> 
     </span>
     <span class='ocr_line' id='line_1_9' title="bbox 143 1001 1144 1081; baseline 0.004 -20"><span class='ocrx_word' id='word_1_64' title='bbox 143 1001 256 1063; x_wconf 91' lang='lat' dir='ltr'>nitione</span> <span class='ocrx_word' id='word_1_65' title='bbox 271 1005 468 1081; x_wconf 89' lang='lat' dir='ltr'>prohiberent.</span> <span class='ocrx_word' id='word_1_66' title='bbox 512 1007 615 1068; x_wconf 91' lang='lat' dir='ltr'>Nihilo</span> <span class='ocrx_word' id='word_1_67' title='bbox 630 1007 726 1067; x_wconf 92' lang='lat' dir='ltr'>secius</span> <span class='ocrx_word' id='word_1_68' title='bbox 741 1008 858 1079; x_wconf 88' lang='lat' dir='ltr'>Caesar,</span> <span class='ocrx_word' id='word_1_69' title='bbox 874 1017 906 1066; x_wconf 90' lang='lat' dir='ltr'>ut</span> <span class='ocrx_word' id='word_1_70' title='bbox 920 1017 989 1065; x_wconf 87' lang='lat' dir='ltr'>ante</span> <span class='ocrx_word' id='word_1_71' title='bbox 1004 1005 1144 1066; x_wconf 91' lang='lat' dir='ltr'>constitu-</span> 
     </span>
    </p>

    <p class='ocr_par' dir='ltr' id='par_1_4' title="bbox 92 1102 1144 3502">
     <span class='ocr_line' id='line_1_10' title="bbox 115 1102 1143 1180; baseline 0.002 -21"><span class='ocrx_word' id='word_1_72' title='bbox 115 1136 117 1142; x_wconf 35' lang='grc' dir='ltr'><strong><em>ι</em></strong></span> <span class='ocrx_word' id='word_1_73' title='bbox 143 1110 214 1173; x_wconf 85' lang='lat' dir='ltr'>erat,</span> <span class='ocrx_word' id='word_1_74' title='bbox 236 1102 309 1161; x_wconf 92' lang='lat' dir='ltr'>duas</span> <span class='ocrx_word' id='word_1_75' title='bbox 330 1102 409 1162; x_wconf 89' lang='lat' dir='ltr'>acies</span> <span class='ocrx_word' id='word_1_76' title='bbox 430 1104 548 1162; x_wconf 90' lang='lat' dir='ltr'>hostem</span> <span class='ocrx_word' id='word_1_77' title='bbox 568 1104 748 1180; x_wconf 90' lang='lat' dir='ltr'>propulsare,</span> <span class='ocrx_word' id='word_1_78' title='bbox 771 1102 886 1162; x_wconf 81' lang='lat' dir='ltr'>tertiam</span> <span class='ocrx_word' id='word_1_79' title='bbox 908 1122 983 1179; x_wconf 91' lang='lat' dir='ltr'>opus</span> <span class='ocrx_word' id='word_1_80' title='bbox 1004 1104 1143 1180; x_wconf 81' lang='lat' dir='ltr'>perficere</span> 
     </span>
     <span class='ocr_line' id='line_1_11' title="bbox 95 1197 1143 1277; baseline 0.006 -24"><span class='ocrx_word' id='word_1_81' title='bbox 95 1214 130 1253; x_wconf 90' lang='lat'>10</span> <span class='ocrx_word' id='word_1_82' title='bbox 144 1197 234 1257; x_wconf 90' lang='lat' dir='ltr'>iussit.</span> <span class='ocrx_word' id='word_1_83' title='bbox 279 1198 404 1258; x_wconf 90' lang='lat' dir='ltr'>Munitis</span> <span class='ocrx_word' id='word_1_84' title='bbox 425 1199 527 1260; x_wconf 88' lang='lat' dir='ltr'>castris</span> <span class='ocrx_word' id='word_1_85' title='bbox 548 1201 623 1260; x_wconf 89' lang='lat' dir='ltr'>duas</span> <span class='ocrx_word' id='word_1_86' title='bbox 644 1199 686 1260; x_wconf 92' lang='lat' dir='ltr'>ibi</span> <span class='ocrx_word' id='word_1_87' title='bbox 703 1199 834 1277; x_wconf 87' lang='lat' dir='ltr'>legiones</span> <span class='ocrx_word' id='word_1_88' title='bbox 848 1197 1009 1274; x_wconf 79' lang='lat' dir='ltr'>reliquitet</span> <span class='ocrx_word' id='word_1_89' title='bbox 1029 1210 1143 1275; x_wconf 89' lang='lat' dir='ltr'>partem</span> 
     </span>
     <span class='ocr_line' id='line_1_12' title="bbox 143 1291 1139 1371; baseline 0.004 -20"><span class='ocrx_word' id='word_1_90' title='bbox 143 1291 325 1368; x_wconf 85' lang='lat' dir='ltr'>auxiliorum,</span> <span class='ocrx_word' id='word_1_91' title='bbox 355 1305 494 1371; x_wconf 88' lang='lat' dir='ltr'>quattuor</span> <span class='ocrx_word' id='word_1_92' title='bbox 525 1294 651 1371; x_wconf 88' lang='lat' dir='ltr'>reliquas</span> <span class='ocrx_word' id='word_1_93' title='bbox 683 1294 715 1354; x_wconf 87' lang='lat' dir='ltr'>in</span> <span class='ocrx_word' id='word_1_94' title='bbox 747 1306 842 1355; x_wconf 89' lang='lat' dir='ltr'>castra</span> <span class='ocrx_word' id='word_1_95' title='bbox 874 1294 985 1353; x_wconf 88' lang='lat' dir='ltr'>maiora</span> <span class='ocrx_word' id='word_1_96' title='bbox 1017 1296 1139 1356; x_wconf 84' lang='lat' dir='ltr'>reduxit.</span> 
     </span>
     <span class='ocr_line' id='line_1_13' title="bbox 146 1390 1143 1469; baseline 0.003 -20"><span class='ocrx_word' id='word_1_97' title='bbox 146 1407 191 1466; x_wconf 87' lang='lat'>50.</span> <span class='ocrx_word' id='word_1_98' title='bbox 235 1390 373 1450; x_wconf 89' lang='lat' dir='ltr'>Proximo</span> <span class='ocrx_word' id='word_1_99' title='bbox 401 1391 451 1451; x_wconf 86' lang='lat' dir='ltr'>die</span> <span class='ocrx_word' id='word_1_100' title='bbox 471 1391 607 1451; x_wconf 91' lang='lat' dir='ltr'>instituto</span> <span class='ocrx_word' id='word_1_101' title='bbox 628 1412 682 1453; x_wconf 93' lang='lat' dir='ltr'>suo</span> <span class='ocrx_word' id='word_1_102' title='bbox 703 1394 814 1453; x_wconf 87' lang='lat' dir='ltr'>Caesar</span> <span class='ocrx_word' id='word_1_103' title='bbox 838 1411 855 1451; x_wconf 92' lang='lat' dir='ltr'>e</span> <span class='ocrx_word' id='word_1_104' title='bbox 883 1391 984 1451; x_wconf 91' lang='lat' dir='ltr'>castris</span> <span class='ocrx_word' id='word_1_105' title='bbox 1011 1391 1143 1469; x_wconf 89' lang='lat' dir='ltr'>utrisque</span> 
     </span>
     <span class='ocr_line' id='line_1_14' title="bbox 144 1488 1143 1568; baseline 0.001 -19"><span class='ocrx_word' id='word_1_106' title='bbox 144 1489 245 1566; x_wconf 90' lang='lat' dir='ltr'>copias</span> <span class='ocrx_word' id='word_1_107' title='bbox 259 1509 327 1549; x_wconf 90' lang='lat' dir='ltr'>suas</span> <span class='ocrx_word' id='word_1_108' title='bbox 343 1488 444 1549; x_wconf 88' lang='lat' dir='ltr'>eduxit</span> <span class='ocrx_word' id='word_1_109' title='bbox 457 1491 637 1567; x_wconf 84' lang='lat' dir='ltr'>paulumque</span> <span class='ocrx_word' id='word_1_110' title='bbox 651 1511 670 1550; x_wconf 88' lang='lat' dir='ltr'>a</span> <span class='ocrx_word' id='word_1_111' title='bbox 683 1490 843 1550; x_wconf 87' lang='lat' dir='ltr'>maioribus</span> <span class='ocrx_word' id='word_1_112' title='bbox 857 1489 958 1549; x_wconf 89' lang='lat' dir='ltr'>castris</span> <span class='ocrx_word' id='word_1_113' title='bbox 972 1509 1143 1568; x_wconf 87' lang='lat' dir='ltr'>progressus</span> 
     </span>
     <span class='ocr_line' id='line_1_15' title="bbox 144 1585 1144 1664; baseline 0.004 -20"><span class='ocrx_word' id='word_1_114' title='bbox 144 1585 240 1647; x_wconf 91' lang='lat' dir='ltr'>aciem</span> <span class='ocrx_word' id='word_1_115' title='bbox 261 1586 404 1658; x_wconf 86' lang='lat' dir='ltr'>instruxit,</span> <span class='ocrx_word' id='word_1_116' title='bbox 426 1587 561 1647; x_wconf 89' lang='lat' dir='ltr'>hostibus</span> <span class='ocrx_word' id='word_1_117' title='bbox 585 1587 738 1664; x_wconf 90' lang='lat' dir='ltr'>pugnandi</span> <span class='ocrx_word' id='word_1_118' title='bbox 760 1596 938 1664; x_wconf 90' lang='lat' dir='ltr'>potestatem</span> <span class='ocrx_word' id='word_1_119' title='bbox 959 1587 1037 1647; x_wconf 89' lang='lat' dir='ltr'>fecit.</span> <span class='ocrx_word' id='word_1_120' title='bbox 1080 1589 1144 1648; x_wconf 91' lang='lat' dir='ltr'>Ubi</span> 
     </span>
     <span class='ocr_line' id='line_1_16' title="bbox 95 1681 1143 1761; baseline 0.008 -24"><span class='ocrx_word' id='word_1_121' title='bbox 95 1696 128 1755; x_wconf 87' lang='lat'>15</span> <span class='ocrx_word' id='word_1_122' title='bbox 144 1702 183 1742; x_wconf 90' lang='lat' dir='ltr'>ne</span> <span class='ocrx_word' id='word_1_123' title='bbox 204 1693 269 1742; x_wconf 93' lang='lat' dir='ltr'>tum</span> <span class='ocrx_word' id='word_1_124' title='bbox 298 1681 420 1759; x_wconf 90' lang='lat' dir='ltr'>quidem</span> <span class='ocrx_word' id='word_1_125' title='bbox 449 1702 501 1744; x_wconf 94' lang='lat' dir='ltr'>eos</span> <span class='ocrx_word' id='word_1_126' title='bbox 528 1684 650 1761; x_wconf 90' lang='lat' dir='ltr'>prodire</span> <span class='ocrx_word' id='word_1_127' title='bbox 677 1683 829 1758; x_wconf 86' lang='lat' dir='ltr'>intellexit,</span> <span class='ocrx_word' id='word_1_128' title='bbox 855 1683 969 1743; x_wconf 92' lang='lat' dir='ltr'>circiter</span> <span class='ocrx_word' id='word_1_129' title='bbox 989 1683 1143 1745; x_wconf 85' lang='lat' dir='ltr'>meridiem</span> 
     </span>
     <span class='ocr_line' id='line_1_17' title="bbox 143 1775 1142 1857; baseline 0.002 -19"><span class='ocrx_word' id='word_1_130' title='bbox 143 1775 304 1838; x_wconf 83' lang='lat' dir='ltr'>exercitum</span> <span class='ocrx_word' id='word_1_131' title='bbox 317 1778 349 1837; x_wconf 93' lang='lat' dir='ltr'>in</span> <span class='ocrx_word' id='word_1_132' title='bbox 362 1789 458 1838; x_wconf 88' lang='lat' dir='ltr'>castra</span> <span class='ocrx_word' id='word_1_133' title='bbox 470 1779 594 1840; x_wconf 85' lang='lat' dir='ltr'>reduxit.</span> <span class='ocrx_word' id='word_1_134' title='bbox 630 1782 711 1838; x_wconf 90' lang='lat' dir='ltr'>Tum</span> <span class='ocrx_word' id='word_1_135' title='bbox 722 1780 844 1839; x_wconf 90' lang='lat' dir='ltr'>demum</span> <span class='ocrx_word' id='word_1_136' title='bbox 854 1777 1020 1838; x_wconf 88' lang='lat' dir='ltr'>Ariovistus</span> <span class='ocrx_word' id='word_1_137' title='bbox 1029 1791 1142 1857; x_wconf 87' lang='lat' dir='ltr'>partem</span> 
     </span>
     <span class='ocr_line' id='line_1_18' title="bbox 144 1875 1141 1954; baseline 0.006 -20"><span class='ocrx_word' id='word_1_138' title='bbox 144 1895 261 1935; x_wconf 89' lang='lat' dir='ltr'>suarum</span> <span class='ocrx_word' id='word_1_139' title='bbox 283 1875 443 1953; x_wconf 87' lang='lat' dir='ltr'>copiarum,</span> <span class='ocrx_word' id='word_1_140' title='bbox 469 1897 545 1954; x_wconf 90' lang='lat' dir='ltr'>quae</span> <span class='ocrx_word' id='word_1_141' title='bbox 573 1890 668 1939; x_wconf 88' lang='lat' dir='ltr'>castra</span> <span class='ocrx_word' id='word_1_142' title='bbox 695 1877 810 1937; x_wconf 90' lang='lat' dir='ltr'>minora</span> <span class='ocrx_word' id='word_1_143' title='bbox 837 1889 1030 1954; x_wconf 84' lang='lat' dir='ltr'>oppugnaret,</span> <span class='ocrx_word' id='word_1_144' title='bbox 1054 1879 1141 1940; x_wconf 92' lang='lat' dir='ltr'>misit.</span> 
     </span>
     <span class='ocr_line' id='line_1_19' title="bbox 143 1973 1144 2053; baseline 0.003 -20"><span class='ocrx_word' id='word_1_145' title='bbox 143 1973 259 2034; x_wconf 91' lang='lat' dir='ltr'>Acriter</span> <span class='ocrx_word' id='word_1_146' title='bbox 272 1974 420 2051; x_wconf 83' lang='lat' dir='ltr'>utrimque</span> <span class='ocrx_word' id='word_1_147' title='bbox 438 1995 533 2052; x_wconf 92' lang='lat' dir='ltr'>usque</span> <span class='ocrx_word' id='word_1_148' title='bbox 553 1977 593 2036; x_wconf 90' lang='lat' dir='ltr'>ad</span> <span class='ocrx_word' id='word_1_149' title='bbox 610 1996 766 2053; x_wconf 88' lang='lat' dir='ltr'>vesperum</span> <span class='ocrx_word' id='word_1_150' title='bbox 788 1986 954 2052; x_wconf 90' lang='lat' dir='ltr'>pugnatum</span> <span class='ocrx_word' id='word_1_151' title='bbox 973 1986 1024 2034; x_wconf 92' lang='lat' dir='ltr'>est.</span> <span class='ocrx_word' id='word_1_152' title='bbox 1067 1977 1144 2036; x_wconf 87' lang='lat' dir='ltr'>Solis</span> 
     </span>
     <span class='ocr_line' id='line_1_20' title="bbox 143 2070 1144 2149; baseline 0.004 -21"><span class='ocrx_word' id='word_1_153' title='bbox 143 2089 250 2129; x_wconf 89' lang='lat' dir='ltr'>occasu</span> <span class='ocrx_word' id='word_1_154' title='bbox 272 2090 339 2129; x_wconf 89' lang='lat' dir='ltr'>suas</span> <span class='ocrx_word' id='word_1_155' title='bbox 360 2071 461 2147; x_wconf 87' lang='lat' dir='ltr'>copias</span> <span class='ocrx_word' id='word_1_156' title='bbox 481 2071 645 2133; x_wconf 88' lang='lat' dir='ltr'>Ariovistus</span> <span class='ocrx_word' id='word_1_157' title='bbox 665 2072 765 2132; x_wconf 89' lang='lat' dir='ltr'>multis</span> <span class='ocrx_word' id='word_1_158' title='bbox 786 2082 816 2130; x_wconf 92' lang='lat' dir='ltr'>et</span> <span class='ocrx_word' id='word_1_159' title='bbox 842 2070 929 2130; x_wconf 88' lang='lat' dir='ltr'>illatis</span> <span class='ocrx_word' id='word_1_160' title='bbox 958 2082 987 2130; x_wconf 92' lang='lat' dir='ltr'>et</span> <span class='ocrx_word' id='word_1_161' title='bbox 1014 2071 1144 2149; x_wconf 89' lang='lat' dir='ltr'>acceptis</span> 
     </span>
     <span class='ocr_line' id='line_1_21' title="bbox 93 2166 1143 2246; baseline 0.005 -21"><span class='ocrx_word' id='word_1_162' title='bbox 93 2189 130 2226; x_wconf 88' lang='lat'>20</span> <span class='ocrx_word' id='word_1_163' title='bbox 146 2167 316 2227; x_wconf 90' lang='lat' dir='ltr'>vulneribus</span> <span class='ocrx_word' id='word_1_164' title='bbox 336 2166 367 2226; x_wconf 89' lang='lat' dir='ltr'>in</span> <span class='ocrx_word' id='word_1_165' title='bbox 396 2180 491 2228; x_wconf 90' lang='lat' dir='ltr'>castra</span> <span class='ocrx_word' id='word_1_166' title='bbox 510 2170 634 2230; x_wconf 90' lang='lat' dir='ltr'>reduxit.</span> <span class='ocrx_word' id='word_1_167' title='bbox 678 2171 756 2231; x_wconf 91' lang='lat' dir='ltr'>Cum</span> <span class='ocrx_word' id='word_1_168' title='bbox 777 2189 815 2229; x_wconf 88' lang='lat' dir='ltr'>ex</span> <span class='ocrx_word' id='word_1_169' title='bbox 841 2166 963 2244; x_wconf 88' lang='lat' dir='ltr'>captivis</span> <span class='ocrx_word' id='word_1_170' title='bbox 991 2181 1143 2246; x_wconf 90' lang='lat' dir='ltr'>quaereret</span> 
     </span>
     <span class='ocr_line' id='line_1_22' title="bbox 143 2265 1143 2345; baseline 0.003 -21"><span class='ocrx_word' id='word_1_171' title='bbox 143 2265 260 2338; x_wconf 85' lang='lat' dir='ltr'>Caesar,</span> <span class='ocrx_word' id='word_1_172' title='bbox 276 2284 366 2341; x_wconf 89' lang='lat' dir='ltr'>quam</span> <span class='ocrx_word' id='word_1_173' title='bbox 381 2266 496 2327; x_wconf 91' lang='lat' dir='ltr'>obrem</span> <span class='ocrx_word' id='word_1_174' title='bbox 509 2267 673 2329; x_wconf 90' lang='lat' dir='ltr'>Ariovistus</span> <span class='ocrx_word' id='word_1_175' title='bbox 682 2268 795 2345; x_wconf 91' lang='lat' dir='ltr'>proelio</span> <span class='ocrx_word' id='word_1_176' title='bbox 809 2286 870 2327; x_wconf 91' lang='lat' dir='ltr'>non</span> <span class='ocrx_word' id='word_1_177' title='bbox 885 2267 1056 2340; x_wconf 89' lang='lat' dir='ltr'>decertaret,</span> <span class='ocrx_word' id='word_1_178' title='bbox 1064 2269 1143 2327; x_wconf 87' lang='lat' dir='ltr'>hanc</span> 
     </span>
     <span class='ocr_line' id='line_1_23' title="bbox 142 2360 1143 2442; baseline 0.007 -24"><span class='ocrx_word' id='word_1_179' title='bbox 142 2360 307 2438; x_wconf 87' lang='lat' dir='ltr'>reperiebat</span> <span class='ocrx_word' id='word_1_180' title='bbox 334 2382 464 2436; x_wconf 88' lang='lat' dir='ltr'>causam,</span> <span class='ocrx_word' id='word_1_181' title='bbox 488 2366 570 2441; x_wconf 95' lang='lat' dir='ltr'>quod</span> <span class='ocrx_word' id='word_1_182' title='bbox 591 2365 672 2442; x_wconf 88' lang='lat' dir='ltr'>apud</span> <span class='ocrx_word' id='word_1_183' title='bbox 700 2367 865 2425; x_wconf 88' lang='lat' dir='ltr'>Germanos</span> <span class='ocrx_word' id='word_1_184' title='bbox 893 2383 929 2423; x_wconf 89' lang='lat' dir='ltr'>ea</span> <span class='ocrx_word' id='word_1_185' title='bbox 956 2366 1143 2425; x_wconf 91' lang='lat' dir='ltr'>consuetudo</span> 
     </span>
     <span class='ocr_line' id='line_1_24' title="bbox 144 2458 1144 2531; baseline 0.007 -17"><span class='ocrx_word' id='word_1_186' title='bbox 144 2467 230 2531; x_wconf 89' lang='lat' dir='ltr'>esset,</span> <span class='ocrx_word' id='word_1_187' title='bbox 247 2467 280 2517; x_wconf 87' lang='lat' dir='ltr'>ut</span> <span class='ocrx_word' id='word_1_188' title='bbox 301 2459 540 2520; x_wconf 86' lang='lat' dir='ltr'>matresfamiliae</span> <span class='ocrx_word' id='word_1_189' title='bbox 561 2480 664 2521; x_wconf 90' lang='lat' dir='ltr'>eorum</span> <span class='ocrx_word' id='word_1_190' title='bbox 686 2461 813 2521; x_wconf 91' lang='lat' dir='ltr'>sortibus</span> <span class='ocrx_word' id='word_1_191' title='bbox 835 2470 864 2520; x_wconf 92' lang='lat' dir='ltr'>et</span> <span class='ocrx_word' id='word_1_192' title='bbox 885 2458 1144 2522; x_wconf 86' lang='lat' dir='ltr'>vaticinationibus</span> 
     </span>
     <span class='ocr_line' id='line_1_25' title="bbox 143 2553 1140 2634; baseline 0.006 -22"><span class='ocrx_word' id='word_1_193' title='bbox 143 2553 335 2631; x_wconf 88' lang='lat' dir='ltr'>declararent,</span> <span class='ocrx_word' id='word_1_194' title='bbox 352 2567 452 2615; x_wconf 90' lang='lat' dir='ltr'>utrum</span> <span class='ocrx_word' id='word_1_195' title='bbox 470 2556 616 2634; x_wconf 90' lang='lat' dir='ltr'>proelium</span> <span class='ocrx_word' id='word_1_196' title='bbox 637 2557 784 2617; x_wconf 91' lang='lat' dir='ltr'>committi</span> <span class='ocrx_word' id='word_1_197' title='bbox 806 2577 842 2617; x_wconf 86' lang='lat' dir='ltr'>ex</span> <span class='ocrx_word' id='word_1_198' title='bbox 856 2577 911 2616; x_wconf 91' lang='lat' dir='ltr'>usu</span> <span class='ocrx_word' id='word_1_199' title='bbox 926 2568 1011 2630; x_wconf 89' lang='lat' dir='ltr'>esset,</span> <span class='ocrx_word' id='word_1_200' title='bbox 1026 2578 1122 2618; x_wconf 89' lang='lat' dir='ltr'>necne</span> <span class='ocrx_word' id='word_1_201' title='bbox 1131 2582 1140 2633; x_wconf 76' lang='lat'>3</span> 
     </span>
     <span class='ocr_line' id='line_1_26' title="bbox 93 2649 1142 2732; baseline 0.006 -22"><span class='ocrx_word' id='word_1_202' title='bbox 93 2672 128 2730; x_wconf 84' lang='lat'>25</span> <span class='ocrx_word' id='word_1_203' title='bbox 144 2669 194 2709; x_wconf 89' lang='lat' dir='ltr'>eas</span> <span class='ocrx_word' id='word_1_204' title='bbox 215 2649 256 2710; x_wconf 85' lang='lat' dir='ltr'>ita</span> <span class='ocrx_word' id='word_1_205' title='bbox 278 2650 394 2714; x_wconf 87' lang='lat' dir='ltr'>dicere:</span> <span class='ocrx_word' id='word_1_206' title='bbox 425 2672 488 2712; x_wconf 92' lang='lat' dir='ltr'>non</span> <span class='ocrx_word' id='word_1_207' title='bbox 508 2673 573 2713; x_wconf 89' lang='lat' dir='ltr'>esse</span> <span class='ocrx_word' id='word_1_208' title='bbox 600 2655 644 2712; x_wconf 87' lang='lat' dir='ltr'>fas</span> <span class='ocrx_word' id='word_1_209' title='bbox 666 2655 831 2714; x_wconf 88' lang='lat' dir='ltr'>Germanos</span> <span class='ocrx_word' id='word_1_210' title='bbox 853 2674 997 2732; x_wconf 87' lang='lat' dir='ltr'>superare,</span> <span class='ocrx_word' id='word_1_211' title='bbox 1024 2654 1048 2714; x_wconf 91' lang='lat' dir='ltr'>si</span> <span class='ocrx_word' id='word_1_212' title='bbox 1072 2666 1142 2716; x_wconf 90' lang='lat' dir='ltr'>ante</span> 
     </span>
     <span class='ocr_line' id='line_1_27' title="bbox 143 2747 1143 2827; baseline 0.008 -24"><span class='ocrx_word' id='word_1_213' title='bbox 143 2763 252 2804; x_wconf 88' lang='lat' dir='ltr'>novam</span> <span class='ocrx_word' id='word_1_214' title='bbox 280 2747 380 2807; x_wconf 87' lang='lat' dir='ltr'>lunam</span> <span class='ocrx_word' id='word_1_215' title='bbox 408 2748 522 2825; x_wconf 92' lang='lat' dir='ltr'>proelio</span> <span class='ocrx_word' id='word_1_216' title='bbox 544 2749 776 2810; x_wconf 88' lang='lat' dir='ltr'>contendissent.</span> <span class='ocrx_word' id='word_1_217' title='bbox 821 2767 868 2827; x_wconf 87' lang='lat'>51.</span> <span class='ocrx_word' id='word_1_218' title='bbox 909 2750 1055 2811; x_wconf 89' lang='lat' dir='ltr'>Postridie</span> <span class='ocrx_word' id='word_1_219' title='bbox 1079 2751 1143 2811; x_wconf 89' lang='lat' dir='ltr'>eius</span> 
     </span>
     <span class='ocr_line' id='line_1_28' title="bbox 142 2839 1142 2923; baseline 0.01 -25"><span class='ocrx_word' id='word_1_220' title='bbox 142 2839 202 2900; x_wconf 91' lang='lat' dir='ltr'>diei</span> <span class='ocrx_word' id='word_1_221' title='bbox 230 2842 340 2902; x_wconf 87' lang='lat' dir='ltr'>Caesar</span> <span class='ocrx_word' id='word_1_222' title='bbox 366 2844 546 2920; x_wconf 89' lang='lat' dir='ltr'>praesidium</span> <span class='ocrx_word' id='word_1_223' title='bbox 573 2845 704 2922; x_wconf 88' lang='lat' dir='ltr'>utrisque</span> <span class='ocrx_word' id='word_1_224' title='bbox 731 2846 840 2920; x_wconf 89' lang='lat' dir='ltr'>castris,</span> <span class='ocrx_word' id='word_1_225' title='bbox 870 2847 952 2923; x_wconf 92' lang='lat' dir='ltr'>quod</span> <span class='ocrx_word' id='word_1_226' title='bbox 979 2847 1049 2907; x_wconf 91' lang='lat' dir='ltr'>satis</span> <span class='ocrx_word' id='word_1_227' title='bbox 1077 2867 1142 2908; x_wconf 89' lang='lat' dir='ltr'>esse</span> 
     </span>
     <span class='ocr_line' id='line_1_29' title="bbox 141 2935 1142 3019; baseline 0.008 -25"><span class='ocrx_word' id='word_1_228' title='bbox 141 2935 236 2995; x_wconf 90' lang='lat' dir='ltr'>visum</span> <span class='ocrx_word' id='word_1_229' title='bbox 253 2948 306 3011; x_wconf 89' lang='lat' dir='ltr'>est,</span> <span class='ocrx_word' id='word_1_230' title='bbox 324 2939 451 3016; x_wconf 90' lang='lat' dir='ltr'>reliquit,</span> <span class='ocrx_word' id='word_1_231' title='bbox 467 2939 564 3001; x_wconf 91' lang='lat' dir='ltr'>omnis</span> <span class='ocrx_word' id='word_1_232' title='bbox 583 2942 688 3001; x_wconf 86' lang='lat' dir='ltr'>alarios</span> <span class='ocrx_word' id='word_1_233' title='bbox 708 2940 739 3000; x_wconf 91' lang='lat' dir='ltr'>in</span> <span class='ocrx_word' id='word_1_234' title='bbox 758 2953 919 3019; x_wconf 92' lang='lat' dir='ltr'>conspectu</span> <span class='ocrx_word' id='word_1_235' title='bbox 937 2943 1068 3002; x_wconf 89' lang='lat' dir='ltr'>hostium</span> <span class='ocrx_word' id='word_1_236' title='bbox 1087 2962 1142 3018; x_wconf 93' lang='lat' dir='ltr'>pro</span> 
     </span>
     <span class='ocr_line' id='line_1_30' title="bbox 141 3031 1141 3114; baseline 0.008 -24"><span class='ocrx_word' id='word_1_237' title='bbox 141 3031 243 3091; x_wconf 88' lang='lat' dir='ltr'>castris</span> <span class='ocrx_word' id='word_1_238' title='bbox 257 3032 419 3094; x_wconf 88' lang='lat' dir='ltr'>minoribus</span> <span class='ocrx_word' id='word_1_239' title='bbox 430 3037 590 3110; x_wconf 91' lang='lat' dir='ltr'>constituit,</span> <span class='ocrx_word' id='word_1_240' title='bbox 606 3038 688 3114; x_wconf 92' lang='lat' dir='ltr'>quod</span> <span class='ocrx_word' id='word_1_241' title='bbox 701 3038 800 3097; x_wconf 89' lang='lat' dir='ltr'>minus</span> <span class='ocrx_word' id='word_1_242' title='bbox 814 3037 1001 3098; x_wconf 90' lang='lat' dir='ltr'>multitudine</span> <span class='ocrx_word' id='word_1_243' title='bbox 1015 3039 1141 3098; x_wconf 91' lang='lat' dir='ltr'>militum</span> 
     </span>
     <span class='ocr_line' id='line_1_31' title="bbox 92 3127 1141 3213; baseline 0.011 -29"><span class='ocrx_word' id='word_1_244' title='bbox 92 3158 129 3213; x_wconf 84' lang='lat'>30</span> <span class='ocrx_word' id='word_1_245' title='bbox 143 3127 371 3204; x_wconf 86' lang='lat' dir='ltr'>legionariorum</span> <span class='ocrx_word' id='word_1_246' title='bbox 393 3152 447 3208; x_wconf 93' lang='lat' dir='ltr'>pro</span> <span class='ocrx_word' id='word_1_247' title='bbox 464 3134 596 3193; x_wconf 91' lang='lat' dir='ltr'>hostium</span> <span class='ocrx_word' id='word_1_248' title='bbox 616 3154 740 3194; x_wconf 90' lang='lat' dir='ltr'>numero</span> <span class='ocrx_word' id='word_1_249' title='bbox 756 3136 882 3210; x_wconf 87' lang='lat' dir='ltr'>valebat,</span> <span class='ocrx_word' id='word_1_250' title='bbox 902 3147 935 3195; x_wconf 93' lang='lat' dir='ltr'>ut</span> <span class='ocrx_word' id='word_1_251' title='bbox 953 3137 992 3196; x_wconf 90' lang='lat' dir='ltr'>ad</span> <span class='ocrx_word' id='word_1_252' title='bbox 1010 3136 1141 3213; x_wconf 92' lang='lat' dir='ltr'>speciem</span> 
     </span>
     <span class='ocr_line' id='line_1_32' title="bbox 143 3223 1142 3308; baseline 0.01 -26"><span class='ocrx_word' id='word_1_253' title='bbox 143 3223 239 3284; x_wconf 87' lang='lat' dir='ltr'>alariis</span> <span class='ocrx_word' id='word_1_254' title='bbox 254 3236 386 3285; x_wconf 91' lang='lat' dir='ltr'>uteretur</span> <span class='ocrx_word' id='word_1_255' title='bbox 394 3250 402 3302; x_wconf 75' lang='lat'>5</span> <span class='ocrx_word' id='word_1_256' title='bbox 432 3228 497 3306; x_wconf 92' lang='lat' dir='ltr'>ipse</span> <span class='ocrx_word' id='word_1_257' title='bbox 511 3228 616 3306; x_wconf 89' lang='lat' dir='ltr'>triplici</span> <span class='ocrx_word' id='word_1_258' title='bbox 637 3229 779 3290; x_wconf 88' lang='lat' dir='ltr'>instructa</span> <span class='ocrx_word' id='word_1_259' title='bbox 795 3231 859 3290; x_wconf 92' lang='lat' dir='ltr'>acie</span> <span class='ocrx_word' id='word_1_260' title='bbox 877 3251 972 3308; x_wconf 90' lang='lat' dir='ltr'>usque</span> <span class='ocrx_word' id='word_1_261' title='bbox 990 3234 1030 3292; x_wconf 91' lang='lat' dir='ltr'>ad</span> <span class='ocrx_word' id='word_1_262' title='bbox 1046 3243 1142 3292; x_wconf 85' lang='lat' dir='ltr'>castra</span> 
     </span>
     <span class='ocr_line' id='line_1_33' title="bbox 143 3319 1142 3402; baseline 0.014 -24"><span class='ocrx_word' id='word_1_263' title='bbox 143 3319 273 3380; x_wconf 91' lang='lat' dir='ltr'>hostium</span> <span class='ocrx_word' id='word_1_264' title='bbox 294 3324 426 3383; x_wconf 87' lang='lat' dir='ltr'>accessit.</span> <span class='ocrx_word' id='word_1_265' title='bbox 471 3329 550 3402; x_wconf 88' lang='lat' dir='ltr'>Tum</span> <span class='ocrx_word' id='word_1_266' title='bbox 570 3327 692 3386; x_wconf 90' lang='lat' dir='ltr'>demum</span> <span class='ocrx_word' id='word_1_267' title='bbox 719 3329 885 3388; x_wconf 88' lang='lat' dir='ltr'>necessario</span> <span class='ocrx_word' id='word_1_268' title='bbox 911 3329 1052 3389; x_wconf 85' lang='lat' dir='ltr'>Germani</span> <span class='ocrx_word' id='word_1_269' title='bbox 1074 3350 1142 3392; x_wconf 89' lang='lat' dir='ltr'>suas</span> 
     </span>
     <span class='ocr_line' id='line_1_34' title="bbox 136 3416 1142 3502; baseline 0.018 -32"><span class='ocrx_word' id='word_1_270' title='bbox 136 3416 243 3487; x_wconf 67' lang='lat' dir='ltr'>copias</span> <span class='ocrx_word' id='word_1_271' title='bbox 255 3419 359 3479; x_wconf 82' lang='lat' dir='ltr'>castris</span> <span class='ocrx_word' id='word_1_272' title='bbox 373 3421 537 3482; x_wconf 85' lang='lat' dir='ltr'>eduxerunt</span> <span class='ocrx_word' id='word_1_273' title='bbox 549 3425 771 3502; x_wconf 86' lang='lat' dir='ltr'>generatimque</span> <span class='ocrx_word' id='word_1_274' title='bbox 790 3425 1004 3487; x_wconf 87' lang='lat' dir='ltr'>constituerunt</span> <span class='ocrx_word' id='word_1_275' title='bbox 1020 3427 1142 3502; x_wconf 86' lang='lat' dir='ltr'>paribus</span> 
     </span>
    </p>
   </div>
   <div class='ocr_carea' id='block_1_3' title="bbox 0 0 1242 3796">
    <p class='ocr_par' dir='ltr' id='par_1_5' title="bbox 0 0 1242 3796">
     <span class='ocr_line' id='line_1_35' title="bbox 0 0 1242 3796; baseline 0 0"><span class='ocrx_word' id='word_1_276' title='bbox 0 0 1242 3796; x_wconf 95' lang='lat' dir='ltr'> </span> 
     </span>
    </p>
   </div>
  </div>
 </body>
</html>
