<?xml version="1.0" encoding="UTF-8"?>
<!DOCTYPE html PUBLIC "-//W3C//DTD XHTML 1.0 Transitional//EN"
    "http://www.w3.org/TR/xhtml1/DTD/xhtml1-transitional.dtd">
<html xmlns="http://www.w3.org/1999/xhtml" xml:lang="en" lang="en">
 <head>
  <title>
</title>
<meta http-equiv="Content-Type" content="text/html;charset=utf-8" />
  <meta name='ocr-system' content='tesseract 3.04.00' />
  <meta name='ocr-capabilities' content='ocr_page ocr_carea ocr_par ocr_line ocrx_word'/>
</head>
<body>
  <div class='ocr_page' id='page_1' title='image "./gaiiulicaesaris00peskgoog_0046.png"; bbox 0 0 2476 3796; ppageno 0'>
   <div class='ocr_carea' id='block_1_1' title="bbox 385 191 1105 268">
    <p class='ocr_par' dir='ltr' id='par_1_1' title="bbox 385 191 1105 268">
     <span class='ocr_line' id='line_1_1' title="bbox 385 191 1105 268; baseline -0.003 -17"><span class='ocrx_word' id='word_1_1' title='bbox 385 192 472 255; x_wconf 84' lang='lat' dir='ltr'><em>LIB.</em></span> <span class='ocrx_word' id='word_1_2' title='bbox 495 192 525 251; x_wconf 90' lang='lat' dir='ltr'>J.</span> <span class='ocrx_word' id='word_1_3' title='bbox 571 191 660 253; x_wconf 79' lang='lat' dir='ltr'><em>CAP.</em></span> <span class='ocrx_word' id='word_1_4' title='bbox 686 194 813 268; x_wconf 82' lang='lat'><strong>38—40&#39;.</strong></span> <span class='ocrx_word' id='word_1_5' title='bbox 962 230 963 233; x_wconf 58' lang='lat'><em>=</em></span> <span class='ocrx_word' id='word_1_6' title='bbox 1068 209 1105 266; x_wconf 84' lang='lat'>23</span> 
     </span>
    </p>
   </div>
   <div class='ocr_carea' id='block_1_2' title="bbox 52 295 1131 789">
    <p class='ocr_par' dir='ltr' id='par_1_2' title="bbox 52 295 1131 789">
     <span class='ocr_line' id='line_1_2' title="bbox 101 295 1106 392; baseline 0 -18"><span class='ocrx_word' id='word_1_7' title='bbox 101 313 261 375; x_wconf 84' lang='lat' dir='ltr'>existimari</span> <span class='ocrx_word' id='word_1_8' title='bbox 287 317 436 392; x_wconf 90' lang='lat' dir='ltr'>volebant,</span> <span class='ocrx_word' id='word_1_9' title='bbox 464 338 526 378; x_wconf 93' lang='lat' dir='ltr'>non</span> <span class='ocrx_word' id='word_1_10' title='bbox 554 338 586 378; x_wconf 84' lang='lat' dir='ltr'>se</span> <span class='ocrx_word' id='word_1_11' title='bbox 613 295 731 378; x_wconf 85' lang='lat' dir='ltr'>hostem</span> <span class='ocrx_word' id='word_1_12' title='bbox 752 314 854 390; x_wconf 90' lang='lat' dir='ltr'>vereri,</span> <span class='ocrx_word' id='word_1_13' title='bbox 883 316 936 375; x_wconf 91' lang='lat' dir='ltr'>sed</span> <span class='ocrx_word' id='word_1_14' title='bbox 957 314 1106 392; x_wconf 89' lang='lat' dir='ltr'>angustias</span> 
     </span>
     <span class='ocr_line' id='line_1_3' title="bbox 101 411 1107 493; baseline 0.001 -22"><span class='ocrx_word' id='word_1_15' title='bbox 101 411 212 473; x_wconf 89' lang='lat' dir='ltr'>itineris</span> <span class='ocrx_word' id='word_1_16' title='bbox 237 425 266 474; x_wconf 92' lang='lat' dir='ltr'>et</span> <span class='ocrx_word' id='word_1_17' title='bbox 283 415 518 492; x_wconf 80' lang='lat' dir='ltr'><strong>magnitudinem</strong></span> <span class='ocrx_word' id='word_1_18' title='bbox 537 416 684 489; x_wconf 92' lang='lat' dir='ltr'>silvarum,</span> <span class='ocrx_word' id='word_1_19' title='bbox 700 436 777 493; x_wconf 90' lang='lat' dir='ltr'>quae</span> <span class='ocrx_word' id='word_1_20' title='bbox 794 414 1010 474; x_wconf 86' lang='lat' dir='ltr'>intercederent</span> <span class='ocrx_word' id='word_1_21' title='bbox 1031 413 1107 474; x_wconf 88' lang='lat' dir='ltr'>inter</span> 
     </span>
     <span class='ocr_line' id='line_1_4' title="bbox 52 511 1106 590; baseline 0 -19"><span class='ocrx_word' id='word_1_22' title='bbox 52 519 56 525; x_wconf 84' lang='grc'><em>’</em></span> <span class='ocrx_word' id='word_1_23' title='bbox 101 512 182 590; x_wconf 90' lang='lat' dir='ltr'>ipsos</span> <span class='ocrx_word' id='word_1_24' title='bbox 209 523 298 590; x_wconf 91' lang='lat' dir='ltr'>atque</span> <span class='ocrx_word' id='word_1_25' title='bbox 327 515 518 589; x_wconf 84' lang='lat' dir='ltr'>Ariovistum,</span> <span class='ocrx_word' id='word_1_26' title='bbox 547 526 599 575; x_wconf 90' lang='lat' dir='ltr'>aut</span> <span class='ocrx_word' id='word_1_27' title='bbox 626 535 688 574; x_wconf 89' lang='lat' dir='ltr'>rem</span> <span class='ocrx_word' id='word_1_28' title='bbox 717 512 946 586; x_wconf 85' lang='lat' dir='ltr'>frumentariam,</span> <span class='ocrx_word' id='word_1_29' title='bbox 975 523 1008 572; x_wconf 93' lang='lat' dir='ltr'>ut</span> <span class='ocrx_word' id='word_1_30' title='bbox 1036 511 1106 571; x_wconf 87' lang='lat' dir='ltr'>satis</span> 
     </span>
     <span class='ocr_line' id='line_1_5' title="bbox 101 611 1105 693; baseline -0.002 -21"><span class='ocrx_word' id='word_1_31' title='bbox 101 615 260 673; x_wconf 91' lang='lat' dir='ltr'>commode</span> <span class='ocrx_word' id='word_1_32' title='bbox 271 615 436 692; x_wconf 89' lang='lat' dir='ltr'>supportari</span> <span class='ocrx_word' id='word_1_33' title='bbox 445 627 554 693; x_wconf 90' lang='lat' dir='ltr'>posset,</span> <span class='ocrx_word' id='word_1_34' title='bbox 566 615 669 674; x_wconf 92' lang='lat' dir='ltr'>timere</span> <span class='ocrx_word' id='word_1_35' title='bbox 680 613 827 674; x_wconf 87' lang='lat' dir='ltr'>dicebant.</span> <span class='ocrx_word' id='word_1_36' title='bbox 858 612 1003 672; x_wconf 81' lang='lat' dir='ltr'>Nonnulli</span> <span class='ocrx_word' id='word_1_37' title='bbox 1015 611 1105 671; x_wconf 90' lang='lat' dir='ltr'>etiam</span> 
     </span>
     <span class='ocr_line' id='line_1_6' title="bbox 103 709 1131 789; baseline -0.005 -15"><span class='ocrx_word' id='word_1_38' title='bbox 103 714 221 774; x_wconf 86' lang='lat' dir='ltr'>Caesari</span> <span class='ocrx_word' id='word_1_39' title='bbox 236 713 415 788; x_wconf 87' lang='lat' dir='ltr'>nuntiarant,</span> <span class='ocrx_word' id='word_1_40' title='bbox 427 734 494 773; x_wconf 93' lang='lat' dir='ltr'>cum</span> <span class='ocrx_word' id='word_1_41' title='bbox 506 723 602 773; x_wconf 87' lang='lat' dir='ltr'>castra</span> <span class='ocrx_word' id='word_1_42' title='bbox 610 712 722 772; x_wconf 91' lang='lat' dir='ltr'>moveri</span> <span class='ocrx_word' id='word_1_43' title='bbox 736 733 771 771; x_wconf 90' lang='lat' dir='ltr'>ac</span> <span class='ocrx_word' id='word_1_44' title='bbox 785 711 869 788; x_wconf 88' lang='lat' dir='ltr'>signa</span> <span class='ocrx_word' id='word_1_45' title='bbox 882 710 948 770; x_wconf 83' lang='lat' dir='ltr'>ferri</span> <span class='ocrx_word' id='word_1_46' title='bbox 962 709 1101 783; x_wconf 90' lang='lat' dir='ltr'>iussisset,</span> <span class='ocrx_word' id='word_1_47' title='bbox 1116 729 1131 789; x_wconf 86' lang='lat'>5</span> 
     </span>
    </p>
   </div>
   <div class='ocr_carea' id='block_1_3' title="bbox 101 809 1103 983">
    <p class='ocr_par' dir='ltr' id='par_1_3' title="bbox 101 809 1103 983">
     <span class='ocr_line' id='line_1_7' title="bbox 101 809 1103 887; baseline -0.003 -17"><span class='ocrx_word' id='word_1_48' title='bbox 101 832 163 871; x_wconf 92' lang='lat' dir='ltr'>non</span> <span class='ocrx_word' id='word_1_49' title='bbox 190 813 252 872; x_wconf 90' lang='lat' dir='ltr'>fore</span> <span class='ocrx_word' id='word_1_50' title='bbox 281 813 362 873; x_wconf 91' lang='lat' dir='ltr'>dicto</span> <span class='ocrx_word' id='word_1_51' title='bbox 390 813 544 884; x_wconf 85' lang='lat' dir='ltr'>audientes</span> <span class='ocrx_word' id='word_1_52' title='bbox 565 812 673 873; x_wconf 90' lang='lat' dir='ltr'>milites</span> <span class='ocrx_word' id='word_1_53' title='bbox 694 831 792 887; x_wconf 89' lang='lat' dir='ltr'>neque</span> <span class='ocrx_word' id='word_1_54' title='bbox 820 822 940 887; x_wconf 90' lang='lat' dir='ltr'>propter</span> <span class='ocrx_word' id='word_1_55' title='bbox 966 809 1103 870; x_wconf 89' lang='lat' dir='ltr'>timorem</span> 
     </span>
     <span class='ocr_line' id='line_1_8' title="bbox 102 905 1102 983; baseline -0.001 -19"><span class='ocrx_word' id='word_1_56' title='bbox 102 905 184 983; x_wconf 90' lang='lat' dir='ltr'>signa</span> <span class='ocrx_word' id='word_1_57' title='bbox 204 908 322 967; x_wconf 88' lang='lat' dir='ltr'>laturos.</span> <span class='ocrx_word' id='word_1_58' title='bbox 366 928 412 980; x_wconf 84' lang='lat'>40.</span> <span class='ocrx_word' id='word_1_59' title='bbox 456 909 544 967; x_wconf 91' lang='lat' dir='ltr'>Haec</span> <span class='ocrx_word' id='word_1_60' title='bbox 568 927 637 966; x_wconf 92' lang='lat' dir='ltr'>cum</span> <span class='ocrx_word' id='word_1_61' title='bbox 658 906 920 979; x_wconf 90' lang='lat' dir='ltr'>animadvertisset,</span> <span class='ocrx_word' id='word_1_62' title='bbox 936 916 1102 965; x_wconf 87' lang='lat' dir='ltr'>convocato</span> 
     </span>
    </p>
   </div>
   <div class='ocr_carea' id='block_1_4' title="bbox 40 1003 1154 3550">
    <p class='ocr_par' dir='ltr' id='par_1_4' title="bbox 40 1003 1154 3550">
     <span class='ocr_line' id='line_1_9' title="bbox 101 1003 1103 1081; baseline -0.001 -18"><span class='ocrx_word' id='word_1_63' title='bbox 101 1004 226 1064; x_wconf 91' lang='lat' dir='ltr'>consilio</span> <span class='ocrx_word' id='word_1_64' title='bbox 259 1004 454 1081; x_wconf 90' lang='lat' dir='ltr'>omniumque</span> <span class='ocrx_word' id='word_1_65' title='bbox 482 1005 621 1065; x_wconf 89' lang='lat' dir='ltr'>ordinum</span> <span class='ocrx_word' id='word_1_66' title='bbox 653 1007 692 1064; x_wconf 88' lang='lat' dir='ltr'>ad</span> <span class='ocrx_word' id='word_1_67' title='bbox 720 1005 752 1065; x_wconf 93' lang='lat' dir='ltr'>id</span> <span class='ocrx_word' id='word_1_68' title='bbox 779 1004 936 1064; x_wconf 90' lang='lat' dir='ltr'>consilium</span> <span class='ocrx_word' id='word_1_69' title='bbox 964 1003 1103 1064; x_wconf 89' lang='lat' dir='ltr'>adhibitis</span> 
     </span>
     <span class='ocr_line' id='line_1_10' title="bbox 101 1100 1103 1177; baseline 0.001 -19"><span class='ocrx_word' id='word_1_70' title='bbox 101 1100 323 1161; x_wconf 87' lang='lat' dir='ltr'>centurionibus</span> <span class='ocrx_word' id='word_1_71' title='bbox 346 1103 538 1161; x_wconf 85' lang='lat' dir='ltr'>vehementer</span> <span class='ocrx_word' id='word_1_72' title='bbox 557 1121 608 1161; x_wconf 91' lang='lat' dir='ltr'>eos</span> <span class='ocrx_word' id='word_1_73' title='bbox 627 1100 790 1162; x_wconf 75' lang='lat' dir='ltr'>incusavitz</span> <span class='ocrx_word' id='word_1_74' title='bbox 813 1100 941 1177; x_wconf 90' lang='lat' dir='ltr'>primum</span> <span class='ocrx_word' id='word_1_75' title='bbox 956 1101 1038 1176; x_wconf 92' lang='lat' dir='ltr'>quod</span> <span class='ocrx_word' id='word_1_76' title='bbox 1052 1111 1103 1159; x_wconf 94' lang='lat' dir='ltr'>aut</span> 
     </span>
     <span class='ocr_line' id='line_1_11' title="bbox 102 1197 1154 1276; baseline -0.003 -19"><span class='ocrx_word' id='word_1_77' title='bbox 102 1218 192 1274; x_wconf 89' lang='lat' dir='ltr'>quam</span> <span class='ocrx_word' id='word_1_78' title='bbox 206 1198 237 1257; x_wconf 92' lang='lat' dir='ltr'>in</span> <span class='ocrx_word' id='word_1_79' title='bbox 246 1211 358 1276; x_wconf 90' lang='lat' dir='ltr'>partem</span> <span class='ocrx_word' id='word_1_80' title='bbox 370 1211 420 1259; x_wconf 89' lang='lat' dir='ltr'>aut</span> <span class='ocrx_word' id='word_1_81' title='bbox 430 1220 490 1276; x_wconf 92' lang='lat' dir='ltr'>quo</span> <span class='ocrx_word' id='word_1_82' title='bbox 501 1200 626 1260; x_wconf 92' lang='lat' dir='ltr'>consilio</span> <span class='ocrx_word' id='word_1_83' title='bbox 639 1202 823 1272; x_wconf 89' lang='lat' dir='ltr'>ducerentur,</span> <span class='ocrx_word' id='word_1_84' title='bbox 835 1197 890 1259; x_wconf 92' lang='lat' dir='ltr'>sibi</span> <span class='ocrx_word' id='word_1_85' title='bbox 899 1200 1103 1275; x_wconf 89' lang='lat' dir='ltr'>quaerendum</span> <span class='ocrx_word' id='word_1_86' title='bbox 1119 1218 1154 1255; x_wconf 93' lang='lat'>10</span> 
     </span>
     <span class='ocr_line' id='line_1_12' title="bbox 101 1296 1104 1374; baseline -0.001 -19"><span class='ocrx_word' id='word_1_87' title='bbox 101 1308 152 1357; x_wconf 92' lang='lat' dir='ltr'>aut</span> <span class='ocrx_word' id='word_1_88' title='bbox 174 1297 366 1374; x_wconf 88' lang='lat' dir='ltr'>cogitandum</span> <span class='ocrx_word' id='word_1_89' title='bbox 387 1309 531 1374; x_wconf 90' lang='lat' dir='ltr'>putarent.</span> <span class='ocrx_word' id='word_1_90' title='bbox 575 1297 756 1358; x_wconf 90' lang='lat' dir='ltr'>Ariovistum</span> <span class='ocrx_word' id='word_1_91' title='bbox 779 1317 811 1357; x_wconf 94' lang='lat' dir='ltr'>se</span> <span class='ocrx_word' id='word_1_92' title='bbox 833 1299 955 1356; x_wconf 92' lang='lat' dir='ltr'>consule</span> <span class='ocrx_word' id='word_1_93' title='bbox 978 1296 1104 1373; x_wconf 91' lang='lat' dir='ltr'>cupidis-</span> 
     </span>
     <span class='ocr_line' id='line_1_13' title="bbox 101 1396 1102 1474; baseline -0.002 -19"><span class='ocrx_word' id='word_1_94' title='bbox 101 1396 175 1456; x_wconf 91' lang='lat' dir='ltr'>sime</span> <span class='ocrx_word' id='word_1_95' title='bbox 197 1397 301 1474; x_wconf 92' lang='lat' dir='ltr'>populi</span> <span class='ocrx_word' id='word_1_96' title='bbox 326 1398 457 1457; x_wconf 89' lang='lat' dir='ltr'>Romani</span> <span class='ocrx_word' id='word_1_97' title='bbox 482 1396 642 1456; x_wconf 90' lang='lat' dir='ltr'>amicitiam</span> <span class='ocrx_word' id='word_1_98' title='bbox 670 1396 836 1474; x_wconf 72' lang='lat' dir='ltr'>appetisse,</span> <span class='ocrx_word' id='word_1_99' title='bbox 867 1415 919 1455; x_wconf 91' lang='lat' dir='ltr'>cur</span> <span class='ocrx_word' id='word_1_100' title='bbox 939 1396 1020 1453; x_wconf 89' lang='lat' dir='ltr'>hunc</span> <span class='ocrx_word' id='word_1_101' title='bbox 1040 1406 1102 1454; x_wconf 88' lang='lat' dir='ltr'>tam</span> 
     </span>
     <span class='ocr_line' id='line_1_14' title="bbox 100 1494 1103 1573; baseline -0.004 -17"><span class='ocrx_word' id='word_1_102' title='bbox 100 1507 210 1556; x_wconf 89' lang='lat' dir='ltr'>temere</span> <span class='ocrx_word' id='word_1_103' title='bbox 225 1496 382 1573; x_wconf 92' lang='lat' dir='ltr'>quisquam</span> <span class='ocrx_word' id='word_1_104' title='bbox 396 1497 433 1556; x_wconf 91' lang='lat' dir='ltr'>ab</span> <span class='ocrx_word' id='word_1_105' title='bbox 449 1497 547 1556; x_wconf 91' lang='lat' dir='ltr'>officio</span> <span class='ocrx_word' id='word_1_106' title='bbox 561 1497 759 1557; x_wconf 90' lang='lat' dir='ltr'>discessurum</span> <span class='ocrx_word' id='word_1_107' title='bbox 774 1495 937 1556; x_wconf 84' lang='lat' dir='ltr'>iudicaret?</span> <span class='ocrx_word' id='word_1_108' title='bbox 958 1494 1019 1555; x_wconf 89' lang='lat' dir='ltr'>Sibi</span> <span class='ocrx_word' id='word_1_109' title='bbox 1041 1494 1103 1570; x_wconf 93' lang='lat' dir='ltr'>qui-</span> 
     </span>
     <span class='ocr_line' id='line_1_15' title="bbox 102 1593 1103 1673; baseline -0.004 -18"><span class='ocrx_word' id='word_1_110' title='bbox 102 1597 172 1655; x_wconf 91' lang='lat' dir='ltr'>dem</span> <span class='ocrx_word' id='word_1_111' title='bbox 185 1594 363 1672; x_wconf 87' lang='lat' dir='ltr'>persuaderi,</span> <span class='ocrx_word' id='word_1_112' title='bbox 379 1595 504 1673; x_wconf 90' lang='lat' dir='ltr'>cognitis</span> <span class='ocrx_word' id='word_1_113' title='bbox 523 1595 583 1655; x_wconf 92' lang='lat' dir='ltr'>suis</span> <span class='ocrx_word' id='word_1_114' title='bbox 597 1594 752 1672; x_wconf 90' lang='lat' dir='ltr'>postulatis</span> <span class='ocrx_word' id='word_1_115' title='bbox 768 1605 857 1670; x_wconf 93' lang='lat' dir='ltr'>atque</span> <span class='ocrx_word' id='word_1_116' title='bbox 871 1593 1019 1670; x_wconf 88' lang='lat' dir='ltr'>aequitate</span> <span class='ocrx_word' id='word_1_117' title='bbox 1034 1613 1103 1651; x_wconf 92' lang='lat' dir='ltr'>con-</span> 
     </span>
     <span class='ocr_line' id='line_1_16' title="bbox 101 1691 1151 1772; baseline -0.004 -18"><span class='ocrx_word' id='word_1_118' title='bbox 101 1694 254 1755; x_wconf 93' lang='lat' dir='ltr'>dicionum</span> <span class='ocrx_word' id='word_1_119' title='bbox 274 1706 428 1772; x_wconf 84' lang='lat' dir='ltr'>perspecta</span> <span class='ocrx_word' id='word_1_120' title='bbox 444 1715 514 1754; x_wconf 91' lang='lat' dir='ltr'>eum</span> <span class='ocrx_word' id='word_1_121' title='bbox 533 1715 630 1771; x_wconf 91' lang='lat' dir='ltr'>neque</span> <span class='ocrx_word' id='word_1_122' title='bbox 645 1715 729 1753; x_wconf 89' lang='lat' dir='ltr'>suam</span> <span class='ocrx_word' id='word_1_123' title='bbox 743 1714 841 1770; x_wconf 91' lang='lat' dir='ltr'>neque</span> <span class='ocrx_word' id='word_1_124' title='bbox 855 1693 957 1770; x_wconf 90' lang='lat' dir='ltr'>populi</span> <span class='ocrx_word' id='word_1_125' title='bbox 972 1691 1102 1752; x_wconf 86' lang='lat' dir='ltr'>Romani</span> <span class='ocrx_word' id='word_1_126' title='bbox 1118 1711 1151 1771; x_wconf 83' lang='lat'>15</span> 
     </span>
     <span class='ocr_line' id='line_1_17' title="bbox 100 1790 1103 1871; baseline -0.005 -18"><span class='ocrx_word' id='word_1_127' title='bbox 100 1793 223 1871; x_wconf 82' lang='lat' dir='ltr'>gratiam</span> <span class='ocrx_word' id='word_1_128' title='bbox 243 1794 470 1869; x_wconf 87' lang='lat' dir='ltr'>repudiaturum.</span> <span class='ocrx_word' id='word_1_129' title='bbox 516 1794 607 1867; x_wconf 89' lang='lat' dir='ltr'>Quod</span> <span class='ocrx_word' id='word_1_130' title='bbox 630 1793 654 1851; x_wconf 94' lang='lat' dir='ltr'>si</span> <span class='ocrx_word' id='word_1_131' title='bbox 677 1794 775 1851; x_wconf 85' lang='lat' dir='ltr'>furore</span> <span class='ocrx_word' id='word_1_132' title='bbox 793 1803 883 1867; x_wconf 91' lang='lat' dir='ltr'>atque</span> <span class='ocrx_word' id='word_1_133' title='bbox 904 1790 1034 1850; x_wconf 87' lang='lat' dir='ltr'>amentia</span> <span class='ocrx_word' id='word_1_134' title='bbox 1051 1790 1103 1849; x_wconf 92' lang='lat' dir='ltr'>im-</span> 
     </span>
     <span class='ocr_line' id='line_1_18' title="bbox 99 1890 1103 1969; baseline -0.002 -19"><span class='ocrx_word' id='word_1_135' title='bbox 99 1893 202 1969; x_wconf 91' lang='lat' dir='ltr'>pulsus</span> <span class='ocrx_word' id='word_1_136' title='bbox 223 1893 334 1951; x_wconf 93' lang='lat' dir='ltr'>bellum</span> <span class='ocrx_word' id='word_1_137' title='bbox 357 1890 510 1964; x_wconf 89' lang='lat' dir='ltr'>intulisset,</span> <span class='ocrx_word' id='word_1_138' title='bbox 527 1891 599 1968; x_wconf 91' lang='lat' dir='ltr'>quid</span> <span class='ocrx_word' id='word_1_139' title='bbox 620 1892 742 1951; x_wconf 90' lang='lat' dir='ltr'>tandem</span> <span class='ocrx_word' id='word_1_140' title='bbox 762 1893 952 1950; x_wconf 86' lang='lat' dir='ltr'>vererentur?</span> <span class='ocrx_word' id='word_1_141' title='bbox 976 1902 1027 1949; x_wconf 90' lang='lat' dir='ltr'>aut</span> <span class='ocrx_word' id='word_1_142' title='bbox 1051 1910 1103 1949; x_wconf 89' lang='lat' dir='ltr'>cur</span> 
     </span>
     <span class='ocr_line' id='line_1_19' title="bbox 100 1988 1101 2067; baseline -0.003 -17"><span class='ocrx_word' id='word_1_143' title='bbox 100 1992 139 2050; x_wconf 90' lang='lat' dir='ltr'>de</span> <span class='ocrx_word' id='word_1_144' title='bbox 153 2009 206 2049; x_wconf 92' lang='lat' dir='ltr'>sua</span> <span class='ocrx_word' id='word_1_145' title='bbox 219 1988 324 2049; x_wconf 91' lang='lat' dir='ltr'>virtute</span> <span class='ocrx_word' id='word_1_146' title='bbox 339 2000 389 2049; x_wconf 92' lang='lat' dir='ltr'>aut</span> <span class='ocrx_word' id='word_1_147' title='bbox 404 1990 442 2049; x_wconf 90' lang='lat' dir='ltr'>de</span> <span class='ocrx_word' id='word_1_148' title='bbox 456 1988 547 2066; x_wconf 93' lang='lat' dir='ltr'>ipsius</span> <span class='ocrx_word' id='word_1_149' title='bbox 565 1989 717 2066; x_wconf 86' lang='lat' dir='ltr'>diligentia</span> <span class='ocrx_word' id='word_1_150' title='bbox 735 1990 947 2067; x_wconf 88' lang='lat' dir='ltr'>desperarent?</span> <span class='ocrx_word' id='word_1_151' title='bbox 977 1990 1101 2047; x_wconf 85' lang='lat' dir='ltr'>Factum</span> 
     </span>
     <span class='ocr_line' id='line_1_20' title="bbox 101 2087 1101 2165; baseline 0.001 -19"><span class='ocrx_word' id='word_1_152' title='bbox 101 2087 163 2148; x_wconf 90' lang='lat' dir='ltr'>eius</span> <span class='ocrx_word' id='word_1_153' title='bbox 192 2087 286 2150; x_wconf 93' lang='lat' dir='ltr'>hostis</span> <span class='ocrx_word' id='word_1_154' title='bbox 313 2087 478 2164; x_wconf 89' lang='lat' dir='ltr'>periculum</span> <span class='ocrx_word' id='word_1_155' title='bbox 510 2100 627 2165; x_wconf 89' lang='lat' dir='ltr'>patrum</span> <span class='ocrx_word' id='word_1_156' title='bbox 658 2100 824 2148; x_wconf 89' lang='lat' dir='ltr'>nostrorum</span> <span class='ocrx_word' id='word_1_157' title='bbox 852 2087 1002 2163; x_wconf 91' lang='lat' dir='ltr'>memoria,</span> <span class='ocrx_word' id='word_1_158' title='bbox 1033 2109 1101 2147; x_wconf 91' lang='lat' dir='ltr'>cum</span> 
     </span>
     <span class='ocr_line' id='line_1_21' title="bbox 101 2186 1152 2264; baseline -0.003 -16"><span class='ocrx_word' id='word_1_159' title='bbox 101 2186 229 2248; x_wconf 92' lang='lat' dir='ltr'>Cimbris</span> <span class='ocrx_word' id='word_1_160' title='bbox 257 2197 286 2246; x_wconf 90' lang='lat' dir='ltr'>et</span> <span class='ocrx_word' id='word_1_161' title='bbox 314 2187 458 2252; x_wconf 91' lang='lat' dir='ltr'>Teutonis</span> <span class='ocrx_word' id='word_1_162' title='bbox 487 2187 603 2247; x_wconf 89' lang='lat' dir='ltr'>aGaio</span> <span class='ocrx_word' id='word_1_163' title='bbox 631 2187 728 2248; x_wconf 91' lang='lat' dir='ltr'>Mario</span> <span class='ocrx_word' id='word_1_164' title='bbox 755 2187 847 2264; x_wconf 91' lang='lat' dir='ltr'>pulsis</span> <span class='ocrx_word' id='word_1_165' title='bbox 872 2208 934 2247; x_wconf 92' lang='lat' dir='ltr'>non</span> <span class='ocrx_word' id='word_1_166' title='bbox 955 2188 1101 2246; x_wconf 92' lang='lat' dir='ltr'>minorem</span> <span class='ocrx_word' id='word_1_167' title='bbox 1116 2215 1152 2252; x_wconf 88' lang='lat'>20</span> 
     </span>
     <span class='ocr_line' id='line_1_22' title="bbox 99 2284 1101 2363; baseline 0.001 -19"><span class='ocrx_word' id='word_1_168' title='bbox 99 2287 218 2346; x_wconf 90' lang='lat' dir='ltr'>laudem</span> <span class='ocrx_word' id='word_1_169' title='bbox 240 2284 385 2346; x_wconf 90' lang='lat' dir='ltr'>exercitus</span> <span class='ocrx_word' id='word_1_170' title='bbox 405 2305 496 2361; x_wconf 87' lang='lat' dir='ltr'>quam</span> <span class='ocrx_word' id='word_1_171' title='bbox 514 2285 577 2362; x_wconf 93' lang='lat' dir='ltr'>ipse</span> <span class='ocrx_word' id='word_1_172' title='bbox 601 2286 760 2363; x_wconf 90' lang='lat' dir='ltr'>imperator</span> <span class='ocrx_word' id='word_1_173' title='bbox 784 2286 904 2346; x_wconf 91' lang='lat' dir='ltr'>meritus</span> <span class='ocrx_word' id='word_1_174' title='bbox 928 2286 1084 2346; x_wconf 90' lang='lat' dir='ltr'>videbatur</span> <span class='ocrx_word' id='word_1_175' title='bbox 1091 2308 1101 2360; x_wconf 90' lang='lat'>;</span> 
     </span>
     <span class='ocr_line' id='line_1_23' title="bbox 99 2384 1101 2461; baseline 0 -17"><span class='ocrx_word' id='word_1_176' title='bbox 99 2389 211 2446; x_wconf 87' lang='lat' dir='ltr'>sactum</span> <span class='ocrx_word' id='word_1_177' title='bbox 235 2384 325 2444; x_wconf 90' lang='lat' dir='ltr'>etiam</span> <span class='ocrx_word' id='word_1_178' title='bbox 352 2405 447 2460; x_wconf 90' lang='lat' dir='ltr'>nuper</span> <span class='ocrx_word' id='word_1_179' title='bbox 466 2384 497 2443; x_wconf 92' lang='lat' dir='ltr'>in</span> <span class='ocrx_word' id='word_1_180' title='bbox 520 2384 606 2444; x_wconf 89' lang='lat' dir='ltr'>Italia</span> <span class='ocrx_word' id='word_1_181' title='bbox 629 2385 725 2445; x_wconf 90' lang='lat' dir='ltr'>servili</span> <span class='ocrx_word' id='word_1_182' title='bbox 746 2387 882 2459; x_wconf 88' lang='lat' dir='ltr'>tumultu,</span> <span class='ocrx_word' id='word_1_183' title='bbox 900 2405 975 2461; x_wconf 92' lang='lat' dir='ltr'>quos</span> <span class='ocrx_word' id='word_1_184' title='bbox 1000 2396 1101 2444; x_wconf 88' lang='lat' dir='ltr'>tamen</span> 
     </span>
     <span class='ocr_line' id='line_1_24' title="bbox 101 2481 1102 2561; baseline 0.002 -19"><span class='ocrx_word' id='word_1_185' title='bbox 101 2481 214 2560; x_wconf 90' lang='lat' dir='ltr'>aliquid</span> <span class='ocrx_word' id='word_1_186' title='bbox 237 2501 308 2541; x_wconf 89' lang='lat' dir='ltr'>usus</span> <span class='ocrx_word' id='word_1_187' title='bbox 330 2502 366 2541; x_wconf 90' lang='lat' dir='ltr'>ac</span> <span class='ocrx_word' id='word_1_188' title='bbox 387 2481 550 2558; x_wconf 90' lang='lat' dir='ltr'>disciplina,</span> <span class='ocrx_word' id='word_1_189' title='bbox 575 2503 650 2558; x_wconf 88' lang='lat' dir='ltr'>quae</span> <span class='ocrx_word' id='word_1_190' title='bbox 675 2504 693 2542; x_wconf 89' lang='lat' dir='ltr'>a</span> <span class='ocrx_word' id='word_1_191' title='bbox 714 2484 800 2542; x_wconf 92' lang='lat' dir='ltr'>nobis</span> <span class='ocrx_word' id='word_1_192' title='bbox 821 2484 1011 2561; x_wconf 86' lang='lat' dir='ltr'>accepissent,</span> <span class='ocrx_word' id='word_1_193' title='bbox 1036 2487 1102 2545; x_wconf 91' lang='lat' dir='ltr'>sub-</span> 
     </span>
     <span class='ocr_line' id='line_1_25' title="bbox 98 2580 1101 2658; baseline 0.002 -16"><span class='ocrx_word' id='word_1_194' title='bbox 98 2585 240 2642; x_wconf 89' lang='lat' dir='ltr'>levarent.</span> <span class='ocrx_word' id='word_1_195' title='bbox 282 2582 326 2639; x_wconf 87' lang='lat' dir='ltr'>Ex</span> <span class='ocrx_word' id='word_1_196' title='bbox 334 2599 395 2656; x_wconf 94' lang='lat' dir='ltr'>quo</span> <span class='ocrx_word' id='word_1_197' title='bbox 410 2580 533 2640; x_wconf 86' lang='lat' dir='ltr'>iudicari</span> <span class='ocrx_word' id='word_1_198' title='bbox 543 2600 637 2658; x_wconf 92' lang='lat' dir='ltr'>posse,</span> <span class='ocrx_word' id='word_1_199' title='bbox 654 2593 797 2657; x_wconf 89' lang='lat' dir='ltr'>quantum</span> <span class='ocrx_word' id='word_1_200' title='bbox 808 2583 929 2642; x_wconf 89' lang='lat' dir='ltr'>haberet</span> <span class='ocrx_word' id='word_1_201' title='bbox 938 2582 968 2641; x_wconf 94' lang='lat' dir='ltr'>in</span> <span class='ocrx_word' id='word_1_202' title='bbox 983 2602 1015 2642; x_wconf 91' lang='lat' dir='ltr'>se</span> <span class='ocrx_word' id='word_1_203' title='bbox 1028 2585 1101 2644; x_wconf 92' lang='lat' dir='ltr'>boni</span> 
     </span>
     <span class='ocr_line' id='line_1_26' title="bbox 99 2679 1149 2768; baseline 0.001 -27"><span class='ocrx_word' id='word_1_204' title='bbox 99 2679 274 2752; x_wconf 90' lang='lat' dir='ltr'>constantia,</span> <span class='ocrx_word' id='word_1_205' title='bbox 289 2695 444 2755; x_wconf 88' lang='lat' dir='ltr'>propterea</span> <span class='ocrx_word' id='word_1_206' title='bbox 467 2680 557 2755; x_wconf 88' lang='lat' dir='ltr'>quod,</span> <span class='ocrx_word' id='word_1_207' title='bbox 582 2699 657 2756; x_wconf 94' lang='lat' dir='ltr'>quos</span> <span class='ocrx_word' id='word_1_208' title='bbox 679 2679 862 2755; x_wconf 87' lang='lat' dir='ltr'>aliquamdiu</span> <span class='ocrx_word' id='word_1_209' title='bbox 885 2680 1014 2740; x_wconf 91' lang='lat' dir='ltr'>inermos</span> <span class='ocrx_word' id='word_1_210' title='bbox 1036 2682 1099 2743; x_wconf 91' lang='lat' dir='ltr'>sine</span> <span class='ocrx_word' id='word_1_211' title='bbox 1114 2711 1149 2768; x_wconf 84' lang='lat'>25</span> 
     </span>
     <span class='ocr_line' id='line_1_27' title="bbox 99 2776 1097 2854; baseline 0.001 -16"><span class='ocrx_word' id='word_1_212' title='bbox 99 2799 188 2838; x_wconf 89' lang='lat' dir='ltr'>causa</span> <span class='ocrx_word' id='word_1_213' title='bbox 197 2776 372 2850; x_wconf 86' lang='lat' dir='ltr'>timuissent,</span> <span class='ocrx_word' id='word_1_214' title='bbox 388 2779 443 2837; x_wconf 93' lang='lat' dir='ltr'>hos</span> <span class='ocrx_word' id='word_1_215' title='bbox 457 2788 561 2854; x_wconf 91' lang='lat' dir='ltr'>postea</span> <span class='ocrx_word' id='word_1_216' title='bbox 574 2789 701 2838; x_wconf 84' lang='lat' dir='ltr'>armatos</span> <span class='ocrx_word' id='word_1_217' title='bbox 715 2798 751 2837; x_wconf 90' lang='lat' dir='ltr'>ac</span> <span class='ocrx_word' id='word_1_218' title='bbox 764 2778 889 2838; x_wconf 91' lang='lat' dir='ltr'>victores</span> <span class='ocrx_word' id='word_1_219' title='bbox 905 2793 1097 2854; x_wconf 89' lang='lat' dir='ltr'>superassent.</span> 
     </span>
     <span class='ocr_line' id='line_1_28' title="bbox 99 2876 1099 2954; baseline 0 -16"><span class='ocrx_word' id='word_1_220' title='bbox 99 2877 238 2954; x_wconf 92' lang='lat' dir='ltr'>Denique</span> <span class='ocrx_word' id='word_1_221' title='bbox 252 2876 307 2936; x_wconf 92' lang='lat' dir='ltr'>hos</span> <span class='ocrx_word' id='word_1_222' title='bbox 321 2895 385 2935; x_wconf 90' lang='lat' dir='ltr'>esse</span> <span class='ocrx_word' id='word_1_223' title='bbox 401 2877 530 2950; x_wconf 91' lang='lat' dir='ltr'>eosdem,</span> <span class='ocrx_word' id='word_1_224' title='bbox 546 2876 722 2953; x_wconf 91' lang='lat' dir='ltr'>quibuscum</span> <span class='ocrx_word' id='word_1_225' title='bbox 737 2896 950 2954; x_wconf 86' lang='lat' dir='ltr'>saepenumero</span> <span class='ocrx_word' id='word_1_226' title='bbox 965 2879 1099 2938; x_wconf 89' lang='lat' dir='ltr'>Helvetii</span> 
     </span>
     <span class='ocr_line' id='line_1_29' title="bbox 98 2973 1098 3052; baseline 0.004 -17"><span class='ocrx_word' id='word_1_227' title='bbox 98 2973 247 3052; x_wconf 84' lang='lat' dir='ltr'>congressi</span> <span class='ocrx_word' id='word_1_228' title='bbox 270 2993 331 3033; x_wconf 92' lang='lat' dir='ltr'>non</span> <span class='ocrx_word' id='word_1_229' title='bbox 354 2977 450 3033; x_wconf 90' lang='lat' dir='ltr'>solum</span> <span class='ocrx_word' id='word_1_230' title='bbox 472 2975 503 3033; x_wconf 94' lang='lat' dir='ltr'>in</span> <span class='ocrx_word' id='word_1_231' title='bbox 524 2975 592 3048; x_wconf 78' lang='lat' dir='ltr'>suiS,</span> <span class='ocrx_word' id='word_1_232' title='bbox 617 2977 671 3035; x_wconf 93' lang='lat' dir='ltr'>sed</span> <span class='ocrx_word' id='word_1_233' title='bbox 691 2975 781 3035; x_wconf 92' lang='lat' dir='ltr'>etiam</span> <span class='ocrx_word' id='word_1_234' title='bbox 802 2975 832 3034; x_wconf 92' lang='lat' dir='ltr'>in</span> <span class='ocrx_word' id='word_1_235' title='bbox 853 2976 970 3035; x_wconf 93' lang='lat' dir='ltr'>illorum</span> <span class='ocrx_word' id='word_1_236' title='bbox 990 2978 1098 3039; x_wconf 86' lang='lat' dir='ltr'>finibus</span> 
     </span>
     <span class='ocr_line' id='line_1_30' title="bbox 97 3072 1099 3150; baseline 0.003 -17"><span class='ocrx_word' id='word_1_237' title='bbox 97 3075 271 3150; x_wconf 92' lang='lat' dir='ltr'>plerumque</span> <span class='ocrx_word' id='word_1_238' title='bbox 286 3072 458 3148; x_wconf 87' lang='lat' dir='ltr'>superarint,</span> <span class='ocrx_word' id='word_1_239' title='bbox 474 3072 525 3148; x_wconf 91' lang='lat' dir='ltr'>qui</span> <span class='ocrx_word' id='word_1_240' title='bbox 539 3084 640 3133; x_wconf 90' lang='lat' dir='ltr'>tamen</span> <span class='ocrx_word' id='word_1_241' title='bbox 658 3093 743 3150; x_wconf 89' lang='lat' dir='ltr'>pares</span> <span class='ocrx_word' id='word_1_242' title='bbox 761 3093 825 3132; x_wconf 90' lang='lat' dir='ltr'>esse</span> <span class='ocrx_word' id='word_1_243' title='bbox 842 3085 943 3133; x_wconf 92' lang='lat' dir='ltr'>nostro</span> <span class='ocrx_word' id='word_1_244' title='bbox 960 3077 1099 3136; x_wconf 89' lang='lat' dir='ltr'>exercitui</span> 
     </span>
     <span class='ocr_line' id='line_1_31' title="bbox 98 3170 1149 3264; baseline 0.006 -34"><span class='ocrx_word' id='word_1_245' title='bbox 98 3191 159 3231; x_wconf 91' lang='lat' dir='ltr'>non</span> <span class='ocrx_word' id='word_1_246' title='bbox 172 3170 330 3248; x_wconf 89' lang='lat' dir='ltr'>potuerint.</span> <span class='ocrx_word' id='word_1_247' title='bbox 363 3170 482 3246; x_wconf 88' lang='lat' dir='ltr'>Siquos</span> <span class='ocrx_word' id='word_1_248' title='bbox 496 3173 652 3232; x_wconf 90' lang='lat' dir='ltr'>adversum</span> <span class='ocrx_word' id='word_1_249' title='bbox 661 3173 808 3249; x_wconf 91' lang='lat' dir='ltr'>proelium</span> <span class='ocrx_word' id='word_1_250' title='bbox 819 3183 849 3232; x_wconf 94' lang='lat' dir='ltr'>et</span> <span class='ocrx_word' id='word_1_251' title='bbox 862 3176 931 3251; x_wconf 85' lang='lat' dir='ltr'>fuga</span> <span class='ocrx_word' id='word_1_252' title='bbox 945 3177 1098 3236; x_wconf 91' lang='lat' dir='ltr'>Gallorum</span> <span class='ocrx_word' id='word_1_253' title='bbox 1111 3209 1149 3264; x_wconf 86' lang='lat'>30</span> 
     </span>
     <span class='ocr_line' id='line_1_32' title="bbox 45 3270 1097 3352; baseline 0.01 -25"><span class='ocrx_word' id='word_1_254' title='bbox 45 3348 50 3352; x_wconf 12' lang='grc' dir='ltr'><strong><em>ἡ</em></strong></span> <span class='ocrx_word' id='word_1_255' title='bbox 98 3279 308 3342; x_wconf 89' lang='lat' dir='ltr'>commoveret,</span> <span class='ocrx_word' id='word_1_256' title='bbox 324 3270 387 3342; x_wconf 92' lang='lat' dir='ltr'>hos,</span> <span class='ocrx_word' id='word_1_257' title='bbox 404 3270 429 3328; x_wconf 93' lang='lat' dir='ltr'>si</span> <span class='ocrx_word' id='word_1_258' title='bbox 447 3283 629 3346; x_wconf 89' lang='lat' dir='ltr'>quaererent,</span> <span class='ocrx_word' id='word_1_259' title='bbox 649 3272 775 3348; x_wconf 88' lang='lat' dir='ltr'>reperire</span> <span class='ocrx_word' id='word_1_260' title='bbox 794 3293 882 3351; x_wconf 92' lang='lat' dir='ltr'>posse</span> <span class='ocrx_word' id='word_1_261' title='bbox 905 3274 1097 3337; x_wconf 89' lang='lat' dir='ltr'>diuturnitate</span> 
     </span>
     <span class='ocr_line' id='line_1_33' title="bbox 40 3352 1108 3444; baseline 0.005 -19"><span class='ocrx_word' id='word_1_262' title='bbox 40 3352 46 3360; x_wconf 40' lang='lat'>²</span> <span class='ocrx_word' id='word_1_263' title='bbox 98 3366 167 3426; x_wconf 90' lang='lat' dir='ltr'>belli</span> <span class='ocrx_word' id='word_1_264' title='bbox 195 3366 360 3444; x_wconf 85' lang='lat' dir='ltr'>defatigatis</span> <span class='ocrx_word' id='word_1_265' title='bbox 394 3368 487 3428; x_wconf 91' lang='lat' dir='ltr'>Gallis</span> <span class='ocrx_word' id='word_1_266' title='bbox 519 3369 709 3444; x_wconf 90' lang='lat' dir='ltr'>Ariovistum,</span> <span class='ocrx_word' id='word_1_267' title='bbox 736 3391 807 3430; x_wconf 93' lang='lat' dir='ltr'>cum</span> <span class='ocrx_word' id='word_1_268' title='bbox 837 3375 948 3432; x_wconf 87' lang='lat' dir='ltr'>multos</span> <span class='ocrx_word' id='word_1_269' title='bbox 979 3395 1108 3431; x_wconf 68' lang='lat' dir='ltr'>menses.</span> 
     </span>
     <span class='ocr_line' id='line_1_34' title="bbox 98 3463 1143 3550; baseline -0.005 -23"><span class='ocrx_word' id='word_1_270' title='bbox 98 3463 198 3527; x_wconf 84' lang='lat' dir='ltr'>castris</span> <span class='ocrx_word' id='word_1_271' title='bbox 225 3484 258 3527; x_wconf 92' lang='lat' dir='ltr'>se</span> <span class='ocrx_word' id='word_1_272' title='bbox 285 3484 321 3526; x_wconf 89' lang='lat' dir='ltr'>ac</span> <span class='ocrx_word' id='word_1_273' title='bbox 345 3466 505 3544; x_wconf 88' lang='lat' dir='ltr'>paludibus</span> <span class='ocrx_word' id='word_1_274' title='bbox 540 3467 691 3534; x_wconf 86' lang='lat' dir='ltr'>tenuisset</span> <span class='ocrx_word' id='word_1_275' title='bbox 718 3490 827 3550; x_wconf 86' lang='lat' dir='ltr'>neque</span> <span class='ocrx_word' id='word_1_276' title='bbox 858 3469 915 3530; x_wconf 72' lang='lat' dir='ltr'>sui</span> <span class='ocrx_word' id='word_1_277' title='bbox 937 3476 1143 3544; x_wconf 61' lang='lat' dir='ltr'>potestatem</span> 
     </span>
    </p>
   </div>
   <div class='ocr_carea' id='block_1_5' title="bbox 0 0 1242 3796">
    <p class='ocr_par' dir='ltr' id='par_1_5' title="bbox 0 0 1242 3796">
     <span class='ocr_line' id='line_1_35' title="bbox 0 0 1242 3796; baseline 0 0"><span class='ocrx_word' id='word_1_278' title='bbox 0 0 1242 3796; x_wconf 95' lang='lat' dir='ltr'> </span> 
     </span>
    </p>
   </div>
  </div>
 </body>
</html>
