2476 3796
337 222 424 282 LIB.
446 222 512 281 III.
561 222 652 282 CAP.
677 223 804 297 26-29.
1031 237 1066 298 15

70 393 160 452 opere
179 371 287 435 nostris
306 373 404 434 subito
423 393 459 434 ex
478 374 615 434 omnibus
630 371 762 450 partibus
776 370 866 433 silvae
880 373 1070 434 evolaverunt

70 481 100 530 et
133 468 165 530 in
191 480 308 531 nostros
335 470 480 548 impetum
507 473 649 531 fecerunt.
699 469 802 530 Nostri
829 470 962 531 celeriter
988 490 1071 530 arma

72 577 214 643 ceperunt
235 585 346 642 eosque
366 565 397 625 in
418 565 505 626 silvas
525 568 695 642 repulerunt
715 576 745 626 et
766 565 960 642 conpluribus
983 565 1070 627 inter·

70 661 155 722 fectis
185 661 301 740 longius
332 661 557 739 inpeditioribus
585 660 659 721 locis
687 661 779 721 secuti
805 680 918 738 paucos
946 681 983 722 ex
1010 662 1070 722 suis

71 758 309 835 deperdiderunt.
354 779 399 835 29.
436 757 571 834 Reliquis
585 756 726 834 deinceps
740 756 846 817 diebus
860 759 970 819 Caesar
983 757 1069 819 silvas
1099 777 1115 838 5

71 854 195 914 caedere
221 852 355 925 instituit,
380 864 409 913 et
436 873 475 914 ne
503 852 569 930 quis
596 852 757 913 inermibus
784 852 1069 932 inprudentibusque

70 949 212 1011 militibus
233 953 272 1010 ab
293 952 384 1011 latere
405 950 532 1027 impetus
554 949 616 1010 fieri
636 960 747 1026 posset,
763 968 883 1009 omnem
898 970 965 1010 eam
979 963 1070 1012 mate·

70 1047 153 1122 riam,
168 1068 245 1125 quae
265 1050 327 1109 e'rat
347 1068 441 1121 caesa,
458 1068 631 1108 conversam
652 1049 692 1107 ad
709 1049 826 1108 hostem
844 1049 1021 1108 conlocabat
1039 1060 1069 1109 et

70 1163 123 1220 pro
135 1146 213 1206 vallo
223 1145 262 1205 ad
271 1156 429 1221 utrumque
438 1146 515 1204 latus
524 1146 699 1205 exstruebat
738 1142 909 1204 Incredibili
920 1143 1069 1204 celeritate

69 1261 178 1319 magno
199 1242 296 1319 spatio
317 1241 420 1319 paucis
441 1241 545 1302 diebus
565 1244 702 1303 confecto
716 1260 786 1301 cum
800 1241 859 1301 iam
872 1261 964 1319 pecus
979 1252 1068 1318 atque
1081 1267 1117 1306 10

70 1351 201 1400 extrema
228 1340 432 1417 inpedimenta
451 1341 490 1400 ab
511 1340 618 1401 nostris
638 1351 816 1414 tenerentur,
841 1339 897 1417 ipsi
917 1339 1068 1400 densiores

70 1437 158 1497 silvas
181 1447 324 1514 peterent,
347 1435 494 1497 eiusmodi
515 1449 583 1498 sunt
604 1446 795 1513 tempestates
815 1448 1001 1512 consecutae,
1025 1435 1069 1496 uti

70 1551 145 1608 opus
173 1531 339 1593 necessario
367 1532 607 1594 intermitteretur
633 1544 662 1593 et
687 1531 911 1593 continuatione
930 1530 1067 1593 imbrium

69 1628 179 1689 diutius
199 1629 254 1689 sub
274 1628 402 1705 pellibus
422 1628 529 1690 milites
548 1627 693 1689 contineri
712 1647 774 1687 non
788 1638 916 1705 possent
961 1630 1068 1706 Itaque

68 1723 188 1783 vastatis
216 1723 355 1783 omnibus
381 1742 485 1783 eorum
512 1723 596 1801 agris,
620 1722 692 1782 vicis
716 1721 918 1799 aedificiisque
938 1721 1067 1782 incensis
1080 1744 1114 1804 15

69 1820 179 1880 Caesar
192 1820 351 1880 exercitum
365 1819 482 1880 reduxit
496 1830 525 1880 et
539 1820 571 1879 in
584 1818 719 1879 Aulercis
730 1818 935 1896 Lexoviisque,
950 1818 1067 1896 reliquis

68 1915 140 1974 item
162 1914 339 1989 civitatibus,
354 1933 432 1992 quae
452 1915 587 1992 proxime
605 1916 716 1976 bellum
734 1917 872 1989 fecerant,
887 1914 920 1975 in
937 1913 1067 1975 hibernis

68 2012 244 2074 conlocavit.
