2476 3796
382 242 468 301 ΠΒ.
495 241 543 300 II.
590 239 680 300 cAP.
710 256 836 315 19-23.
1066 254 1105 311 43

104 369 142 428 ab
170 386 261 444 opere
289 363 472 444 singulisque
498 363 664 442 legionibus
692 361 823 440 singulos
854 364 967 440 legatos
997 362 1108 423 Caesar

103 466 255 528 discedere
273 465 330 526 nisi
349 465 470 525 munitis
490 464 592 524 castris
608 473 749 523 vetuerat.
793 463 838 522 Hi
855 472 976 539 propter
988 459 1107 538 propin-

103 564 246 643 quitatem
261 575 291 624 et
305 563 487 625 celeritatem
501 561 631 623 hostium
646 561 719 621 nihil
731 562 791 622 iam
802 560 936 624 Caesaris
949 559 1106 638 impen'um

103 663 321 740 exspectabant,
340 664 394 723 sed
414 682 468 740 per
488 682 529 735 se,
553 679 629 737 quae
646 660 831 736 videbantur,
850 658 1103 721 administrabant.

105 782 150 822 21.
194 763 305 822 Caesar
332 760 506 822 necessariis
532 761 620 820 rebus
649 757 800 836 imperatis
832 760 872 819 ad
905 759 1105 819 cohortandos
1138 775 1153 835 5

103 860 221 933 milites
243 880 334 937 quarn
353 860 385 919 in
406 871 522 938 partem
544 861 605 918 fors
626 857 742 933 obtulit,
766 856 932 918 decucurrit
953 869 984 918 et
1007 858 1047 917 ad
1067 859 1106 917 le-

105 960 225 1037 gionem
249 960 398 1020 decimam
420 957 547 1019 devenit.
592 955 704 1017 Milites
728 976 790 1016 non
817 955 950 1034 longiore
972 955 1105 1017 oratione

101 1060 280 1133 cohortatus,
313 1078 404 1134 quarn
434 1057 477 1117 uti
508 1076 579 1117 suae
610 1054 751 1133 pristinae
783 1056 898 1116 virtutis
931 1055 1104 1116 memoriam

100 1154 259 1217 retinerent
282 1174 341 1215 neu
364 1154 605 1230 perturbarentur
632 1149 732 1212 animo
753 1152 942 1229 hostiumque
961 1151 1105 1229 impetum

101 1252 213 1313 fortiter
227 1252 412 1325 sustinerent,
428 1252 512 1327 quod
530 1271 591 1310 non
612 1250 729 1326 longius
750 1252 850 1312 hostes
869 1253 999 1323 aberant,
1015 1270 1104 1327 quam
1120 1280 1154 1319 10

101 1369 161 1426 quo
182 1354 275 1411 telum
297 1349 375 1428 adigi
399 1361 510 1427 posset,
525 1348 629 1426 proelii
650 1348 856 1410 committendi
876 1348 992 1425 signum
1013 1349 1103 1413 dedit.

99 1450 200 1523 Atque
221 1448 252 1508 in
274 1450 397 1508 alteram
419 1459 534 1526 partem
551 1446 623 1508 item
648 1445 824 1509 cohortandi
842 1466 932 1506 causa
955 1448 1104 1523 profectus
1116 1453 1127 1474 ·‘

99 1548 297 1624 pugnantibus
312 1546 446 1608 occurrit.
482 1547 639 1623 Temporis
655 1559 738 1608 tanta
745 1545 800 1606 fuit
809 1545 950 1623 exiguitas
964 1545 1106 1606 hostiurn-

100 1666 158 1723 que
176 1659 238 1707 tam
259 1658 378 1725 paratus
399 1648 438 1706 ad
460 1644 663 1706 dimicandum
682 1644 806 1718 animus,
821 1657 854 1704 ut
870 1665 933 1704 non
953 1646 1046 1704 modo
1064 1647 1104 1704 ad

97 1745 224 1824 insignia
252 1746 517 1816 accommodanda,
541 1747 594 1805 sed
619 1744 709 1805 etiarn
738 1745 778 1804 ad
808 1744 908 1820 galeas
935 1742 1103 1804 induendas
1119 1759 1152 1819 15

99 1844 250 1922 scutisque
278 1844 443 1921 tegimenta
467 1845 659 1904 detrudendo¹
681 1855 807 1920 tempus
827 1827 961 1903 defuerit.
1005 1843 1104 1918 Quam

98 1941 223 2020 quisque
250 1945 289 2003 ab
311 1962 403 2020 opere
426 1940 458 2001 in
478 1953 596 2018 partem
618 1963 688 2001 casu
705 1939 830 2013 ¹devenit
852 1960 988 2018 quaeque
1008 1940 1105 2017 prima

98 2037 182 2114 signa
209 2039 374 2116 conspexit,
397 2039 437 2098 ad
464 2038 539 2098 haec
567 2037 708 2109 constitit,
730 2057 769 2096 ne
796 2036 827 2096 in
848 2037 1023 2113 quaerendis
1045 2036 1103 2096 suis

98 2139 251 2214 pugnandi
267 2149 384 2215 tempus
401 2136 569 2198 dimitteret.
610 2158 655 2198 22.
692 2141 841 2197 Instructo
856 2136 993 2209 exercitu,
1008 2137 1102 2213 magis

98 2247 130 2295 ut
154 2236 213 2296 loci
239 2248 344 2296 natura
371 2234 562 2311 deiectusque
589 2234 673 2295 collis
702 2247 732 2296 et
763 2234 923 2295 necessitas
951 2235 1101 2312 temporis
1116 2259 1153 2297 20

98 2354 189 2410 quam
218 2346 251 2395 ut
283 2334 324 2394 rei
344 2333 476 2393 militaris
504 2333 578 2393 ratio
607 2345 696 2411 atque
723 2335 798 2394 ordo
825 2334 1003 2410 postulabat,
1033 2353 1102 2392 cum
1136 2384 1142 2399 ,

98 2433 235 2493 diversae
259 2431 390 2509 legiones
417 2432 493 2491 aliae
520 2431 579 2492 alia
597 2431 629 2491 in
655 2443 740 2510 parte
764 2432 898 2493 hostibus
924 2431 1100 2503 resisterent,

98 2529 277 2608 sepibusque
295 2530 484 2602 densissimis
507 2542 540 2591 ut
560 2542 630 2590 ante
653 2531 926 2602 demonstravimus,
944 2530 1101 2591 interiectis

96 2640 270 2705 prospectus
283 2627 482 2704 impediretur,
492 2649 590 2706 neque
598 2640 678 2689 certa
692 2629 823 2690 subsidia
842 2628 981 2689 collocari
994 2647 1099 2704 neque,

97 2725 168 2802 quid
188 2724 220 2785 in
242 2743 360 2802 quaque
379 2737 464 2802 parte
486 2746 562 2803 opus
584 2738 670 2799 esset,
693 2727 842 2804 provideri
863 2747 960 2803 neque
980 2728 1024 2788 ab'
1039 2748 1100 2788 uno
1115 2745 1150 2804 ²5

97 2822 199 2883 omnia
231 2823 356 2900 imperia
389 2823 586 2885 administrari
620 2837 769 2903 poterant.
825 2829 931 2903 Itaque
958 2825 989 2886 in
1017 2838 1100 2888 tanta
1163 2893 1166 2899 ,

96 2941 193 2980 rerum
207 2921 363 2998 iniquitate
376 2923 513 2982 fortunae
534 2942 654 3000 quoque
669 2935 791 2984 eventus
805 2924 877 2984 varii
891 2927 1098 3000 sequebantur.

99 3039 144 3094 23.
188 3019 326 3096 Legionis
345 3040 444 3080 nonae
464 3032 493 3081 et
512 3020 646 3082 decimae
660 3021 777 3095 milites,
792 3035 825 3083 ut
843 3022 875 3081 in
889 3022 1004 3083 sinistra
1016 3037 1100 3102 parte

97 3116 160 3177 acie
174 3119 373 3192 constiterant,
389 3118 456 3196 pilis
466 3118 579 3179 emissis
594 3140 681 3180 cursu
690 3141 727 3181 ac
737 3122 909 3182 lassitudine
917 3123 1100 3185 exanimatos

95 3216 321 3294 vulneribusque
330 3220 482 3278 confectos
491 3220 647 3279 Atrebates
659 3218 741 3297 (nam
751 3220 797 3280 his
806 3241 917 3298 eapars
926 3224 1100 3303 obvenerat)
1113 3248 1151 3303 30

97 3314 229 3374 celeriter
241 3335 278 3375 ex
290 3318 358 3375 loco
373 3315 523 3394 superiore
537 3316 568 3376 in
582 3319 693 3378 flumen
707 3321 914 3397 compulerunt
928 3332 958 3382 et
977 3323 1100 3385 transire

96 3422 240 3470 conantes
253 3408 377 3472 insecuti
391 3411 496 3490 gladiis
510 3432 650 3490 magnam
668 3427 783 3491 partem
805 3435 912 3476 eorum
925 3415 1117 3488 impedium

95 3504 309 3568 interfecerunt.
352 3507 418 3589 Ipsi
435 3507 564 3574 transite
581 3511 706 3573 humen
721 3531 795 3572 non
812 3509 1043 3570 nouissime
1055 3499 1154 3551 evm

1018 3621 1106 3675 35-'2
