2476 3796
377 216 462 276 LIB.
485 216 514 275 I.
559 216 650 277 CAP.
674 218 801 293 33-38.
1058 238 1093 277 21

90 346 211 420 vellent,
234 343 432 422 imperarent:
466 343 538 405 item
559 345 706 422 populum
730 348 903 406 Romanurn
929 342 1014 406 victis
1034 365 1098 406 non

91 444 132 504 ad
150 440 268 503 alterius
285 441 509 520 praescriptum,
525 442 579 501 sed
603 443 642 502 ad
666 461 753 502 suum
775 441 926 503 arbitrium
950 441 1097 519 imperare

91 559 259 601 consuesse.
295 537 325 598 Si
340 538 405 616 ipse
417 539 530 616 populo
545 540 686 598 Romano
694 557 756 598 non
766 532 986 615 praescriberet,
997 557 1099 614 quem·

92 637 260 697 admodum
282 654 337 695 suo
365 634 428 695 iure
447 645 586 706 uteretur,
611 654 673 695 non
696 646 832 713 oportere
859 655 924 696 sese
942 656 960 695 a
982 637 1097 713 populo

92 736 233 794 Romano
255 731 287 791 in
307 752 362 793 suo
383 731 446 791 iure
468 731 611 808 impediri.
653 735 777 793 Aeduos
792 732 855 806 sibi,
871 732 1013 811 quoniam
1027 733 1099 794 belli
1131 751 1148 813 5

91 832 242 890 fortunam
256 839 454 906 temptassent
467 838 497 889 et
511 828 599 888 armis
614 829 763 905 congressi
784 849 820 889 ac
840 830 969 907 superati
986 843 1092 903 essent,

94 922 304 1001 stipendiarios
315 943 380 984 esse
395 925 497 984 factos.
520 925 664 1001 Magnam
679 926 839 985 Caesarem
848 923 983 984 iniuriam
992 927 1097 997 facere,

92 1021 144 1096 qui
166 1041 220 1082 suo
246 1022 377 1082 adventu
404 1021 558 1098 vectigalia
581 1022 638 1082 sibi
659 1022 804 1082 deteriora
825 1025 941 1083 faceret.
984 1022 1098 1083 Aeduis

92 1138 125 1179 se
147 1117 267 1179 obsides
290 1118 475 1179 redditurum
497 1138 559 1179 non
584 1137 657 1190 esse,
681 1139 778 1195 neque
801 1118 842 1180 eis
869 1138 967 1195 neque
995 1139 1099 1180 eorum

93 1217 181 1277 sociis
202 1216 308 1277 iniuria
329 1218 442 1277 bellum
467 1216 624 1290 illaturum,
651 1217 676 1276 si
703 1217 734 1276 in
763 1236 800 1276 eo
827 1228 990 1289 manerent,
1015 1217 1099 1293 quod
1115 1244 1150 1283 10

93 1314 289 1387 convenisset,
305 1312 547 1392 stipendiumque
561 1313 720 1391 quotannis
739 1316 904 1391 penderent
913 1335 921 1388 ς
943 1312 967 1372 si
985 1312 1016 1372 id
1037 1333 1100 1372 non

94 1410 241 1484 fecissent,
256 1413 345 1490 longe
360 1410 403 1472 eis
424 1415 585 1471 fraternum
606 1431 718 1471 nomen
735 1411 840 1488 populi
859 1409 991 1470 Romani
1007 1411 1100 1469 afutu-

94 1527 167 1567 rum.
211 1509 302 1583 Quod
319 1506 375 1567 sibi
396 1510 507 1569 Caesar
526 1506 713 1566 denuntiaret
730 1527 761 1566 se
782 1508 956 1566 Aeduorum
979 1503 1099 1565 iniurias

95 1624 157 1665 non
179 1606 391 1681 neglecturum,
415 1603 566 1664 neminem
591 1624 693 1664 secum
716 1603 779 1663 sine
807 1623 860 1663 sua
880 1602 1010 1681 pernicie
1031 1622 1100 1662 con-

94 1704 232 1764 tendisse.
277 1706 356 1766 Cum
383 1705 481 1778 vellet,
507 1706 755 1781 congrederetur:
776 1705 1003 1777 intellecturum,
1027 1700 1100 1778 quid
1115 1727 1148 1786 15

95 1801 197 1863 invicti
225 1800 377 1875 Germani,
400 1802 632 1862 exercitatissimi
659 1802 690 1861 in
719 1801 814 1876 armis,
836 1802 888 1879 qui
908 1801 985 1862 inter
1005 1821 1099 1861 annos

96 1917 170 1961 xmr
184 1912 298 1967 tectum
312 1921 373 1961 non
390 1901 545 1975 subissent,
560 1901 667 1961 virtute
681 1910 811 1978 possent.

156 2019 204 2077 37.
247 2003 335 2062 Haec
349 2002 456 2061 eodem
476 2012 610 2078 ternpore
630 2001 749 2062 Caesari
773 2000 915 2059 mandata
932 2001 1101 2060 refereban-

96 2112 151 2175 tur,
174 2110 204 2161 et
227 2099 316 2177 legati
343 2100 382 2158 ab
410 2099 523 2159 Aeduis
552 2110 581 2158 et
602 2119 620 2158 a
640 2097 775 2180 Treveris
796 2097 974 2157 veniebant:
1000 2096 1100 2157 Aedui

98 2207 247 2274 questum,
264 2198 347 2273 quod
362 2198 511 2271 Harudes
527 2197 579 2273 qui
597 2216 693 2273 nuper
713 2196 744 2255 in
762 2196 890 2257 Galliam
913 2195 1101 2274 transportati
1115 2230 1151 2268 20

98 2305 203 2371 essent,
219 2297 294 2355 fines
308 2315 411 2356 eorum
426 2297 657 2372 popularentur:
679 2314 743 2354 sese
757 2314 796 2354 ne
811 2293 966 2354 obsidibus
980 2294 1100 2371 quidem

98 2394 174 2454 datis
195 2413 302 2471 pacem
329 2394 469 2454 Ariovisti
496 2394 641 2454 redimere
668 2393 800 2471 potuisse
811 2414 820 2467 ;
847 2392 969 2453 Treveri
992 2404 1100 2467 autem,

97 2510 191 2568 pagos
212 2502 333 2551 centum
356 2494 524 2552 Sueborum
547 2493 587 2552 ad
611 2491 689 2569 ripas
717 2491 817 2552 Rheni
845 2492 1024 2566 consedisse,
1049 2492 1100 2569 qui

24 2624 27 2631 ·
99 2591 240 2650 Rhenum
267 2589 389 2651 transire
416 2601 612 2664 conarentur;
652 2591 698 2651 his
731 2577 868 2668 praeesse
904 2593 1037 2650 Nasuam
1072 2602 1102 2651 et

59 2751 61 2754 ,
100 2688 283 2750 Cimberium
297 2691 407 2749 fratres·
450 2690 568 2764 Quibus
582 2691 669 2750 rebus
685 2692 795 2750 Caesar
814 2691 1007 2749 vehementer
1023 2709 1102 2749 com·
1117 2721 1131 2758 2
1136 2717 1152 2777 5

100 2801 198 2850 motus
225 2790 435 2849 maturandum
463 2788 518 2848 sibi
547 2789 731 2865 existimavit,
760 2809 807 2863 ne,
838 2788 862 2847 si
890 2808 969 2848 nova
996 2808 1102 2847 manus

90 2878 268 2949 ¹Sueborum
281 2907 350 2947 cnm
364 2888 511 2947 veteribus
531 2887 625 2965 copiis
644 2887 784 2947 Ariovisti
807 2906 872 2946 sese
892 2885 1101 2958 coniunxisset,

100 2987 198 3046 minus
225 2985 312 3045 facile
341 2985 436 3045 resisti
456 2996 564 3062 posset.
609 2988 715 3061 Itaque
742 3004 773 3043 re
797 2983 985 3044 frumentaria
1013 3003 1103 3060 quam

101 3084 250 3146 celerrime
264 3082 361 3161 potuit
375 3094 546 3160 comparata
560 3083 675 3159 magnis
689 3083 840 3143 itineribus
861 3083 900 3141 ad
919 3082 1101 3142 Ariovistum

102 3183 262 3245 contendit
307 3184 353 3258 38.
396 3184 475 3244 Cum
502 3182 592 3242 tridui
616 3182 694 3242 viam
715 3183 913 3260 processisset,
934 3183 1102 3242 nuntiatum
1116 3210 1154 3266 30

102 3292 148 3343 est
160 3280 196 3356 ei,
212 3278 393 3340 Ariovistum
407 3300 477 3340 cnm
492 3280 552 3340 suis
567 3280 705 3340 omnibus
719 3280 812 3358 copiis
831 3282 870 3340 ad
893 3283 1103 3358 occupandum

102 3377 326 3452 Vesontionem,
355 3380 436 3455 quod
462 3389 506 3439 est
534 3378 677 3456 oppidum
704 3378 866 3439 maximum
888 3381 1114 3454 Sequanorum,

103 3478 285 3539 contendere
307 3475 456 3558 triduique
482 3475 565 3542 viam
592 3499 613 3545 a
638 3478 703 3544 suis
727 3478 847 3541 brilous
870 3475 1058 3554 proiecisse.
1091 3469 1149 3519 KQ
