<?xml version="1.0" encoding="UTF-8"?>
<!DOCTYPE html PUBLIC "-//W3C//DTD XHTML 1.0 Transitional//EN"
    "http://www.w3.org/TR/xhtml1/DTD/xhtml1-transitional.dtd">
<html xmlns="http://www.w3.org/1999/xhtml" xml:lang="en" lang="en">
 <head>
  <title>
</title>
<meta http-equiv="Content-Type" content="text/html;charset=utf-8" />
  <meta name='ocr-system' content='tesseract 3.04.00' />
  <meta name='ocr-capabilities' content='ocr_page ocr_carea ocr_par ocr_line ocrx_word'/>
</head>
<body>
  <div class='ocr_page' id='page_1' title='image "./gaiiulicaesaris00peskgoog_0041.png"; bbox 0 0 2476 3796; ppageno 0'>
   <div class='ocr_carea' id='block_1_1' title="bbox 139 224 884 286">
    <p class='ocr_par' dir='ltr' id='par_1_1' title="bbox 139 224 884 286">
     <span class='ocr_line' id='line_1_1' title="bbox 139 224 884 286; baseline 0.007 -5"><span class='ocrx_word' id='word_1_1' title='bbox 139 224 174 281; x_wconf 90' lang='lat'>18</span> <span class='ocrx_word' id='word_1_2' title='bbox 413 224 482 283; x_wconf 91' lang='lat' dir='ltr'>DE</span> <span class='ocrx_word' id='word_1_3' title='bbox 508 225 659 285; x_wconf 84' lang='lat' dir='ltr'><em>BELLO</em></span> <span class='ocrx_word' id='word_1_4' title='bbox 690 224 884 286; x_wconf 84' lang='lat' dir='ltr'><em>GALLICO</em></span> 
     </span>
    </p>
   </div>
   <div class='ocr_carea' id='block_1_2' title="bbox 84 352 1139 3335">
    <p class='ocr_par' dir='ltr' id='par_1_2' title="bbox 84 352 1139 3335">
     <span class='ocr_line' id='line_1_2' title="bbox 137 352 1138 432; baseline 0.005 -22"><span class='ocrx_word' id='word_1_5' title='bbox 137 353 227 412; x_wconf 88' lang='lat' dir='ltr'>daret</span> <span class='ocrx_word' id='word_1_6' title='bbox 271 352 319 413; x_wconf 96' lang='lat' dir='ltr'>Ob</span> <span class='ocrx_word' id='word_1_7' title='bbox 340 371 408 412; x_wconf 90' lang='lat' dir='ltr'>eam</span> <span class='ocrx_word' id='word_1_8' title='bbox 432 372 494 412; x_wconf 93' lang='lat' dir='ltr'>rem</span> <span class='ocrx_word' id='word_1_9' title='bbox 519 372 551 413; x_wconf 92' lang='lat' dir='ltr'>se</span> <span class='ocrx_word' id='word_1_10' title='bbox 573 373 610 412; x_wconf 88' lang='lat' dir='ltr'>ex</span> <span class='ocrx_word' id='word_1_11' title='bbox 630 353 749 414; x_wconf 90' lang='lat' dir='ltr'>civitate</span> <span class='ocrx_word' id='word_1_12' title='bbox 773 353 937 432; x_wconf 83' lang='lat' dir='ltr'>profugisse</span> <span class='ocrx_word' id='word_1_13' title='bbox 958 366 988 415; x_wconf 90' lang='lat' dir='ltr'>et</span> <span class='ocrx_word' id='word_1_14' title='bbox 1009 357 1138 416; x_wconf 85' lang='lat' dir='ltr'>Romam</span> 
     </span>
     <span class='ocr_line' id='line_1_3' title="bbox 136 448 1139 530; baseline 0.004 -21"><span class='ocrx_word' id='word_1_15' title='bbox 136 451 176 509; x_wconf 94' lang='lat' dir='ltr'>ad</span> <span class='ocrx_word' id='word_1_16' title='bbox 190 460 324 510; x_wconf 90' lang='lat' dir='ltr'>senatum</span> <span class='ocrx_word' id='word_1_17' title='bbox 343 448 458 509; x_wconf 91' lang='lat' dir='ltr'>venisse</span> <span class='ocrx_word' id='word_1_18' title='bbox 476 449 618 509; x_wconf 85' lang='lat' dir='ltr'>auxilium</span> <span class='ocrx_word' id='word_1_19' title='bbox 639 453 829 528; x_wconf 89' lang='lat' dir='ltr'>postulatum,</span> <span class='ocrx_word' id='word_1_20' title='bbox 845 452 927 528; x_wconf 94' lang='lat' dir='ltr'>quod</span> <span class='ocrx_word' id='word_1_21' title='bbox 945 455 1025 512; x_wconf 92' lang='lat' dir='ltr'>solus</span> <span class='ocrx_word' id='word_1_22' title='bbox 1042 473 1139 530; x_wconf 89' lang='lat' dir='ltr'>neque</span> 
     </span>
     <span class='ocr_line' id='line_1_4' title="bbox 136 544 1139 624; baseline 0.005 -20"><span class='ocrx_word' id='word_1_23' title='bbox 136 544 324 605; x_wconf 90' lang='lat' dir='ltr'>iureiurando</span> <span class='ocrx_word' id='word_1_24' title='bbox 338 565 435 622; x_wconf 90' lang='lat' dir='ltr'>neque</span> <span class='ocrx_word' id='word_1_25' title='bbox 451 545 603 606; x_wconf 86' lang='lat' dir='ltr'>obsidibus</span> <span class='ocrx_word' id='word_1_26' title='bbox 618 557 775 606; x_wconf 89' lang='lat' dir='ltr'>teneretur.</span> <span class='ocrx_word' id='word_1_27' title='bbox 812 548 872 606; x_wconf 88' lang='lat' dir='ltr'>Sed</span> <span class='ocrx_word' id='word_1_28' title='bbox 886 545 968 624; x_wconf 92' lang='lat' dir='ltr'>peius</span> <span class='ocrx_word' id='word_1_29' title='bbox 979 548 1139 609; x_wconf 89' lang='lat' dir='ltr'>victoribus</span> 
     </span>
     <span class='ocr_line' id='line_1_5' title="bbox 137 643 1139 722; baseline 0.004 -20"><span class='ocrx_word' id='word_1_30' title='bbox 137 643 280 720; x_wconf 91' lang='lat' dir='ltr'>Sequanis</span> <span class='ocrx_word' id='word_1_31' title='bbox 315 663 404 720; x_wconf 91' lang='lat' dir='ltr'>quam</span> <span class='ocrx_word' id='word_1_32' title='bbox 433 643 546 704; x_wconf 84' lang='lat' dir='ltr'>Aeduis</span> <span class='ocrx_word' id='word_1_33' title='bbox 573 644 658 704; x_wconf 90' lang='lat' dir='ltr'>victis</span> <span class='ocrx_word' id='word_1_34' title='bbox 693 644 845 718; x_wconf 91' lang='lat' dir='ltr'>accidisse,</span> <span class='ocrx_word' id='word_1_35' title='bbox 872 656 1028 722; x_wconf 90' lang='lat' dir='ltr'>propterea</span> <span class='ocrx_word' id='word_1_36' title='bbox 1056 647 1139 722; x_wconf 92' lang='lat' dir='ltr'>quod</span> 
     </span>
     <span class='ocr_line' id='line_1_6' title="bbox 107 738 1138 818; baseline 0.004 -21"><span class='ocrx_word' id='word_1_37' title='bbox 107 738 310 818; x_wconf 63' lang='lat' dir='ltr'>§Ariovistus</span> <span class='ocrx_word' id='word_1_38' title='bbox 325 759 377 798; x_wconf 86' lang='lat' dir='ltr'>rex</span> <span class='ocrx_word' id='word_1_39' title='bbox 398 742 624 812; x_wconf 87' lang='lat' dir='ltr'>Germanorum,</span> <span class='ocrx_word' id='word_1_40' title='bbox 647 739 678 797; x_wconf 93' lang='lat' dir='ltr'>in</span> <span class='ocrx_word' id='word_1_41' title='bbox 699 759 802 799; x_wconf 89' lang='lat' dir='ltr'>eorum</span> <span class='ocrx_word' id='word_1_42' title='bbox 827 739 934 798; x_wconf 88' lang='lat' dir='ltr'>finibus</span> <span class='ocrx_word' id='word_1_43' title='bbox 955 740 1138 801; x_wconf 85' lang='lat' dir='ltr'>consedisset</span> 
     </span>
     <span class='ocr_line' id='line_1_7' title="bbox 136 835 1138 913; baseline 0.001 -20"><span class='ocrx_word' id='word_1_44' title='bbox 136 835 311 911; x_wconf 85' lang='lat' dir='ltr'>tertiamque</span> <span class='ocrx_word' id='word_1_45' title='bbox 337 848 453 912; x_wconf 89' lang='lat' dir='ltr'>partem</span> <span class='ocrx_word' id='word_1_46' title='bbox 475 836 537 913; x_wconf 87' lang='lat' dir='ltr'>agri</span> <span class='ocrx_word' id='word_1_47' title='bbox 558 835 696 911; x_wconf 86' lang='lat' dir='ltr'>Sequani,</span> <span class='ocrx_word' id='word_1_48' title='bbox 722 835 772 911; x_wconf 91' lang='lat' dir='ltr'>qui</span> <span class='ocrx_word' id='word_1_49' title='bbox 801 846 878 895; x_wconf 90' lang='lat' dir='ltr'>esset</span> <span class='ocrx_word' id='word_1_50' title='bbox 900 835 1028 912; x_wconf 93' lang='lat' dir='ltr'>optimus</span> <span class='ocrx_word' id='word_1_51' title='bbox 1048 837 1138 896; x_wconf 91' lang='lat' dir='ltr'>totius</span> 
     </span>
     <span class='ocr_line' id='line_1_8' title="bbox 138 931 1138 1008; baseline -0.002 -16"><span class='ocrx_word' id='word_1_52' title='bbox 138 932 260 1005; x_wconf 89' lang='lat' dir='ltr'>Galliae,</span> <span class='ocrx_word' id='word_1_53' title='bbox 277 931 479 1008; x_wconf 86' lang='lat' dir='ltr'>occupavisset</span> <span class='ocrx_word' id='word_1_54' title='bbox 494 945 524 992; x_wconf 90' lang='lat' dir='ltr'>et</span> <span class='ocrx_word' id='word_1_55' title='bbox 538 953 617 991; x_wconf 92' lang='lat' dir='ltr'>nunc</span> <span class='ocrx_word' id='word_1_56' title='bbox 632 933 670 992; x_wconf 92' lang='lat' dir='ltr'>de</span> <span class='ocrx_word' id='word_1_57' title='bbox 684 933 775 991; x_wconf 88' lang='lat' dir='ltr'>altera</span> <span class='ocrx_word' id='word_1_58' title='bbox 790 942 872 1008; x_wconf 91' lang='lat' dir='ltr'>parte</span> <span class='ocrx_word' id='word_1_59' title='bbox 886 931 970 991; x_wconf 88' lang='lat' dir='ltr'>tertia</span> <span class='ocrx_word' id='word_1_60' title='bbox 985 934 1138 1008; x_wconf 81' lang='lat' dir='ltr'>Sequanos</span> 
     </span>
     <span class='ocr_line' id='line_1_9' title="bbox 137 1029 1138 1109; baseline -0.003 -18"><span class='ocrx_word' id='word_1_61' title='bbox 137 1032 281 1092; x_wconf 85' lang='lat' dir='ltr'>decedere</span> <span class='ocrx_word' id='word_1_62' title='bbox 309 1032 431 1105; x_wconf 89' lang='lat' dir='ltr'>iuberet,</span> <span class='ocrx_word' id='word_1_63' title='bbox 459 1042 617 1109; x_wconf 91' lang='lat' dir='ltr'>propterea</span> <span class='ocrx_word' id='word_1_64' title='bbox 645 1032 727 1107; x_wconf 92' lang='lat' dir='ltr'>quod</span> <span class='ocrx_word' id='word_1_65' title='bbox 754 1031 857 1107; x_wconf 88' lang='lat' dir='ltr'>paucis</span> <span class='ocrx_word' id='word_1_66' title='bbox 884 1029 1036 1094; x_wconf 86' lang='lat' dir='ltr'>mensibus</span> <span class='ocrx_word' id='word_1_67' title='bbox 1069 1040 1138 1089; x_wconf 94' lang='lat' dir='ltr'>ante</span> 
     </span>
     <span class='ocr_line' id='line_1_10' title="bbox 137 1125 1138 1202; baseline -0.004 -15"><span class='ocrx_word' id='word_1_68' title='bbox 137 1128 296 1187; x_wconf 92' lang='lat' dir='ltr'>Harudum</span> <span class='ocrx_word' id='word_1_69' title='bbox 313 1126 394 1186; x_wconf 90' lang='lat' dir='ltr'>milia</span> <span class='ocrx_word' id='word_1_70' title='bbox 418 1126 574 1186; x_wconf 91' lang='lat' dir='ltr'>hominum</span> <span class='ocrx_word' id='word_1_71' title='bbox 591 1144 688 1185; x_wconf 84' lang='lat' dir='ltr'>xxuu</span> <span class='ocrx_word' id='word_1_72' title='bbox 708 1128 748 1186; x_wconf 90' lang='lat' dir='ltr'>ad</span> <span class='ocrx_word' id='word_1_73' title='bbox 768 1146 835 1186; x_wconf 90' lang='lat' dir='ltr'>eum</span> <span class='ocrx_word' id='word_1_74' title='bbox 856 1125 1015 1198; x_wconf 90' lang='lat' dir='ltr'>venissent,</span> <span class='ocrx_word' id='word_1_75' title='bbox 1030 1126 1138 1202; x_wconf 92' lang='lat' dir='ltr'>quibus</span> 
     </span>
     <span class='ocr_line' id='line_1_11' title="bbox 88 1223 1137 1303; baseline 0.004 -24"><span class='ocrx_word' id='word_1_76' title='bbox 88 1244 123 1280; x_wconf 93' lang='lat'>10</span> <span class='ocrx_word' id='word_1_77' title='bbox 137 1228 219 1285; x_wconf 88' lang='lat' dir='ltr'>locus</span> <span class='ocrx_word' id='word_1_78' title='bbox 246 1246 282 1285; x_wconf 93' lang='lat' dir='ltr'>ac</span> <span class='ocrx_word' id='word_1_79' title='bbox 309 1228 395 1286; x_wconf 89' lang='lat' dir='ltr'>sedes</span> <span class='ocrx_word' id='word_1_80' title='bbox 422 1237 601 1303; x_wconf 89' lang='lat' dir='ltr'>pararentur.</span> <span class='ocrx_word' id='word_1_81' title='bbox 644 1227 789 1284; x_wconf 90' lang='lat' dir='ltr'>Futurum</span> <span class='ocrx_word' id='word_1_82' title='bbox 817 1245 881 1284; x_wconf 90' lang='lat' dir='ltr'>esse</span> <span class='ocrx_word' id='word_1_83' title='bbox 913 1224 1015 1301; x_wconf 90' lang='lat' dir='ltr'>paucis</span> <span class='ocrx_word' id='word_1_84' title='bbox 1042 1223 1137 1297; x_wconf 89' lang='lat' dir='ltr'>annis,</span> 
     </span>
     <span class='ocr_line' id='line_1_12' title="bbox 136 1323 1138 1399; baseline -0.002 -17"><span class='ocrx_word' id='word_1_85' title='bbox 136 1323 179 1382; x_wconf 94' lang='lat' dir='ltr'>uti</span> <span class='ocrx_word' id='word_1_86' title='bbox 200 1343 305 1384; x_wconf 89' lang='lat' dir='ltr'>omnes</span> <span class='ocrx_word' id='word_1_87' title='bbox 326 1344 363 1384; x_wconf 82' lang='lat' dir='ltr'>ex</span> <span class='ocrx_word' id='word_1_88' title='bbox 381 1324 494 1384; x_wconf 91' lang='lat' dir='ltr'>Galliae</span> <span class='ocrx_word' id='word_1_89' title='bbox 513 1323 620 1383; x_wconf 86' lang='lat' dir='ltr'>finibus</span> <span class='ocrx_word' id='word_1_90' title='bbox 641 1324 819 1399; x_wconf 87' lang='lat' dir='ltr'>pellerentur</span> <span class='ocrx_word' id='word_1_91' title='bbox 837 1335 926 1399; x_wconf 88' lang='lat' dir='ltr'>atque</span> <span class='ocrx_word' id='word_1_92' title='bbox 947 1341 1051 1381; x_wconf 91' lang='lat' dir='ltr'>omnes</span> <span class='ocrx_word' id='word_1_93' title='bbox 1068 1323 1138 1381; x_wconf 90' lang='lat' dir='ltr'>Ger-</span> 
     </span>
     <span class='ocr_line' id='line_1_13' title="bbox 136 1420 1138 1499; baseline -0.001 -20"><span class='ocrx_word' id='word_1_94' title='bbox 136 1420 218 1499; x_wconf 88' lang='lat' dir='ltr'>mani</span> <span class='ocrx_word' id='word_1_95' title='bbox 245 1423 387 1481; x_wconf 89' lang='lat' dir='ltr'>Rhenum</span> <span class='ocrx_word' id='word_1_96' title='bbox 408 1421 584 1481; x_wconf 88' lang='lat' dir='ltr'>transirent:</span> <span class='ocrx_word' id='word_1_97' title='bbox 619 1440 718 1497; x_wconf 92' lang='lat' dir='ltr'>neque</span> <span class='ocrx_word' id='word_1_98' title='bbox 739 1420 819 1480; x_wconf 91' lang='lat' dir='ltr'>enim</span> <span class='ocrx_word' id='word_1_99' title='bbox 841 1420 1053 1479; x_wconf 90' lang='lat' dir='ltr'>conferendum</span> <span class='ocrx_word' id='word_1_100' title='bbox 1074 1438 1138 1478; x_wconf 91' lang='lat' dir='ltr'>esse</span> 
     </span>
     <span class='ocr_line' id='line_1_14' title="bbox 137 1516 1138 1594; baseline -0.003 -15"><span class='ocrx_word' id='word_1_101' title='bbox 137 1520 285 1579; x_wconf 90' lang='lat' dir='ltr'>Gallicum</span> <span class='ocrx_word' id='word_1_102' title='bbox 306 1539 376 1578; x_wconf 94' lang='lat' dir='ltr'>cum</span> <span class='ocrx_word' id='word_1_103' title='bbox 402 1520 618 1578; x_wconf 92' lang='lat' dir='ltr'>Germanorum</span> <span class='ocrx_word' id='word_1_104' title='bbox 640 1537 719 1593; x_wconf 87' lang='lat' dir='ltr'>agro,</span> <span class='ocrx_word' id='word_1_105' title='bbox 735 1537 833 1594; x_wconf 90' lang='lat' dir='ltr'>neque</span> <span class='ocrx_word' id='word_1_106' title='bbox 853 1519 931 1576; x_wconf 89' lang='lat' dir='ltr'>hanc</span> <span class='ocrx_word' id='word_1_107' title='bbox 951 1516 1138 1576; x_wconf 90' lang='lat' dir='ltr'>consuetudi-</span> 
     </span>
     <span class='ocr_line' id='line_1_15' title="bbox 137 1613 1136 1693; baseline -0.001 -20"><span class='ocrx_word' id='word_1_108' title='bbox 137 1633 207 1673; x_wconf 90' lang='lat' dir='ltr'>nem</span> <span class='ocrx_word' id='word_1_109' title='bbox 233 1614 327 1674; x_wconf 90' lang='lat' dir='ltr'>victus</span> <span class='ocrx_word' id='word_1_110' title='bbox 357 1635 425 1673; x_wconf 93' lang='lat' dir='ltr'>cum</span> <span class='ocrx_word' id='word_1_111' title='bbox 452 1615 503 1673; x_wconf 90' lang='lat' dir='ltr'>illa</span> <span class='ocrx_word' id='word_1_112' title='bbox 531 1615 771 1692; x_wconf 87' lang='lat' dir='ltr'>comparandam.</span> <span class='ocrx_word' id='word_1_113' title='bbox 813 1613 994 1673; x_wconf 90' lang='lat' dir='ltr'>Ariovistum</span> <span class='ocrx_word' id='word_1_114' title='bbox 1027 1623 1136 1693; x_wconf 83' lang='lat' dir='ltr'>autem,</span> 
     </span>
     <span class='ocr_line' id='line_1_16' title="bbox 88 1710 1137 1788; baseline 0.004 -24"><span class='ocrx_word' id='word_1_115' title='bbox 88 1724 121 1782; x_wconf 90' lang='lat'>15</span> <span class='ocrx_word' id='word_1_116' title='bbox 137 1721 169 1769; x_wconf 90' lang='lat' dir='ltr'>ut</span> <span class='ocrx_word' id='word_1_117' title='bbox 191 1712 283 1770; x_wconf 90' lang='lat' dir='ltr'>semel</span> <span class='ocrx_word' id='word_1_118' title='bbox 312 1712 467 1770; x_wconf 85' lang='lat' dir='ltr'>Gallorum</span> <span class='ocrx_word' id='word_1_119' title='bbox 493 1711 593 1787; x_wconf 90' lang='lat' dir='ltr'>copias</span> <span class='ocrx_word' id='word_1_120' title='bbox 619 1711 733 1788; x_wconf 89' lang='lat' dir='ltr'>proelio</span> <span class='ocrx_word' id='word_1_121' title='bbox 753 1710 863 1784; x_wconf 89' lang='lat' dir='ltr'>vicerit,</span> <span class='ocrx_word' id='word_1_122' title='bbox 889 1712 970 1787; x_wconf 93' lang='lat' dir='ltr'>quod</span> <span class='ocrx_word' id='word_1_123' title='bbox 992 1711 1137 1787; x_wconf 91' lang='lat' dir='ltr'>proelium</span> 
     </span>
     <span class='ocr_line' id='line_1_17' title="bbox 136 1806 1135 1886; baseline 0.001 -20"><span class='ocrx_word' id='word_1_124' title='bbox 136 1809 248 1866; x_wconf 88' lang='lat' dir='ltr'>factum</span> <span class='ocrx_word' id='word_1_125' title='bbox 269 1806 305 1867; x_wconf 94' lang='lat' dir='ltr'>sit</span> <span class='ocrx_word' id='word_1_126' title='bbox 325 1808 603 1886; x_wconf 85' lang='lat' dir='ltr'>Admagetobrigae,</span> <span class='ocrx_word' id='word_1_127' title='bbox 619 1810 746 1884; x_wconf 90' lang='lat' dir='ltr'>superbe</span> <span class='ocrx_word' id='word_1_128' title='bbox 764 1819 793 1868; x_wconf 90' lang='lat' dir='ltr'>et</span> <span class='ocrx_word' id='word_1_129' title='bbox 812 1807 967 1867; x_wconf 92' lang='lat' dir='ltr'>crudeliter</span> <span class='ocrx_word' id='word_1_130' title='bbox 982 1807 1135 1884; x_wconf 90' lang='lat' dir='ltr'>imperare,</span> 
     </span>
     <span class='ocr_line' id='line_1_18' title="bbox 137 1904 1137 1983; baseline 0 -20"><span class='ocrx_word' id='word_1_131' title='bbox 137 1904 255 1964; x_wconf 92' lang='lat' dir='ltr'>obsides</span> <span class='ocrx_word' id='word_1_132' title='bbox 270 1904 446 1964; x_wconf 89' lang='lat' dir='ltr'>nobilissimi</span> <span class='ocrx_word' id='word_1_133' title='bbox 461 1905 603 1982; x_wconf 90' lang='lat' dir='ltr'>cuiusque</span> <span class='ocrx_word' id='word_1_134' title='bbox 617 1906 725 1965; x_wconf 89' lang='lat' dir='ltr'>liberos</span> <span class='ocrx_word' id='word_1_135' title='bbox 740 1924 864 1983; x_wconf 89' lang='lat' dir='ltr'>poscere</span> <span class='ocrx_word' id='word_1_136' title='bbox 877 1915 905 1963; x_wconf 89' lang='lat' dir='ltr'>et</span> <span class='ocrx_word' id='word_1_137' title='bbox 918 1905 950 1964; x_wconf 94' lang='lat' dir='ltr'>in</span> <span class='ocrx_word' id='word_1_138' title='bbox 965 1924 1015 1965; x_wconf 91' lang='lat' dir='ltr'>eos</span> <span class='ocrx_word' id='word_1_139' title='bbox 1037 1905 1137 1964; x_wconf 91' lang='lat' dir='ltr'>omnia</span> 
     </span>
     <span class='ocr_line' id='line_1_19' title="bbox 136 2004 1136 2082; baseline 0.001 -20"><span class='ocrx_word' id='word_1_140' title='bbox 136 2005 274 2081; x_wconf 85' lang='lat' dir='ltr'>exempla</span> <span class='ocrx_word' id='word_1_141' title='bbox 290 2005 494 2080; x_wconf 89' lang='lat' dir='ltr'>cruciatusque</span> <span class='ocrx_word' id='word_1_142' title='bbox 519 2006 615 2079; x_wconf 88' lang='lat' dir='ltr'>edere,</span> <span class='ocrx_word' id='word_1_143' title='bbox 631 2004 655 2063; x_wconf 91' lang='lat' dir='ltr'>si</span> <span class='ocrx_word' id='word_1_144' title='bbox 680 2024 738 2082; x_wconf 92' lang='lat' dir='ltr'>qua</span> <span class='ocrx_word' id='word_1_145' title='bbox 757 2024 802 2063; x_wconf 91' lang='lat' dir='ltr'>res</span> <span class='ocrx_word' id='word_1_146' title='bbox 824 2024 886 2064; x_wconf 93' lang='lat' dir='ltr'>non</span> <span class='ocrx_word' id='word_1_147' title='bbox 904 2005 941 2063; x_wconf 88' lang='lat' dir='ltr'>ad</span> <span class='ocrx_word' id='word_1_148' title='bbox 960 2015 1065 2062; x_wconf 92' lang='lat' dir='ltr'>nutum</span> <span class='ocrx_word' id='word_1_149' title='bbox 1085 2015 1136 2064; x_wconf 90' lang='lat' dir='ltr'>aut</span> 
     </span>
     <span class='ocr_line' id='line_1_20' title="bbox 135 2101 1135 2172; baseline 0 -13"><span class='ocrx_word' id='word_1_150' title='bbox 135 2102 174 2160; x_wconf 89' lang='lat' dir='ltr'>ad</span> <span class='ocrx_word' id='word_1_151' title='bbox 202 2103 385 2160; x_wconf 88' lang='lat' dir='ltr'>voluntatem</span> <span class='ocrx_word' id='word_1_152' title='bbox 415 2101 478 2161; x_wconf 89' lang='lat' dir='ltr'>eius</span> <span class='ocrx_word' id='word_1_153' title='bbox 506 2105 584 2162; x_wconf 89' lang='lat' dir='ltr'>facta</span> <span class='ocrx_word' id='word_1_154' title='bbox 608 2102 652 2162; x_wconf 87' lang='lat' dir='ltr'>sit.</span> <span class='ocrx_word' id='word_1_155' title='bbox 697 2101 864 2160; x_wconf 90' lang='lat' dir='ltr'>Hominem</span> <span class='ocrx_word' id='word_1_156' title='bbox 885 2119 950 2161; x_wconf 90' lang='lat' dir='ltr'>esse</span> <span class='ocrx_word' id='word_1_157' title='bbox 970 2103 1135 2172; x_wconf 89' lang='lat' dir='ltr'>barbarum,</span> 
     </span>
     <span class='ocr_line' id='line_1_21' title="bbox 86 2198 1137 2276; baseline 0.002 -22"><span class='ocrx_word' id='word_1_158' title='bbox 86 2217 122 2254; x_wconf 89' lang='lat'>20</span> <span class='ocrx_word' id='word_1_159' title='bbox 136 2199 320 2271; x_wconf 91' lang='lat' dir='ltr'>iracundum,</span> <span class='ocrx_word' id='word_1_160' title='bbox 350 2199 556 2260; x_wconf 87' lang='lat' dir='ltr'>temerarium:</span> <span class='ocrx_word' id='word_1_161' title='bbox 588 2219 650 2259; x_wconf 90' lang='lat' dir='ltr'>non</span> <span class='ocrx_word' id='word_1_162' title='bbox 672 2218 760 2275; x_wconf 91' lang='lat' dir='ltr'>posse</span> <span class='ocrx_word' id='word_1_163' title='bbox 788 2199 851 2258; x_wconf 92' lang='lat' dir='ltr'>eius</span> <span class='ocrx_word' id='word_1_164' title='bbox 879 2198 1001 2276; x_wconf 89' lang='lat' dir='ltr'>imperia</span> <span class='ocrx_word' id='word_1_165' title='bbox 1027 2198 1137 2258; x_wconf 91' lang='lat' dir='ltr'>diutius</span> 
     </span>
     <span class='ocr_line' id='line_1_22' title="bbox 136 2296 1137 2374; baseline -0.003 -18"><span class='ocrx_word' id='word_1_166' title='bbox 136 2296 286 2356; x_wconf 90' lang='lat' dir='ltr'>sustinere.</span> <span class='ocrx_word' id='word_1_167' title='bbox 330 2296 397 2356; x_wconf 92' lang='lat' dir='ltr'>Nisi</span> <span class='ocrx_word' id='word_1_168' title='bbox 426 2297 450 2356; x_wconf 91' lang='lat' dir='ltr'>si</span> <span class='ocrx_word' id='word_1_169' title='bbox 481 2297 554 2374; x_wconf 91' lang='lat' dir='ltr'>quid</span> <span class='ocrx_word' id='word_1_170' title='bbox 584 2297 614 2356; x_wconf 92' lang='lat' dir='ltr'>in</span> <span class='ocrx_word' id='word_1_171' title='bbox 642 2299 769 2357; x_wconf 91' lang='lat' dir='ltr'>Caesare</span> <span class='ocrx_word' id='word_1_172' title='bbox 796 2298 970 2372; x_wconf 89' lang='lat' dir='ltr'>populoque</span> <span class='ocrx_word' id='word_1_173' title='bbox 997 2296 1137 2353; x_wconf 89' lang='lat' dir='ltr'>Romano</span> 
     </span>
     <span class='ocr_line' id='line_1_23' title="bbox 135 2392 1137 2468; baseline -0.005 -14"><span class='ocrx_word' id='word_1_174' title='bbox 135 2395 172 2454; x_wconf 92' lang='lat' dir='ltr'>sit</span> <span class='ocrx_word' id='word_1_175' title='bbox 187 2393 294 2467; x_wconf 86' lang='lat' dir='ltr'>auxilii,</span> <span class='ocrx_word' id='word_1_176' title='bbox 311 2394 449 2455; x_wconf 91' lang='lat' dir='ltr'>omnibus</span> <span class='ocrx_word' id='word_1_177' title='bbox 473 2394 565 2454; x_wconf 89' lang='lat' dir='ltr'>Gallis</span> <span class='ocrx_word' id='word_1_178' title='bbox 585 2394 664 2453; x_wconf 91' lang='lat' dir='ltr'>idem</span> <span class='ocrx_word' id='word_1_179' title='bbox 684 2413 748 2453; x_wconf 90' lang='lat' dir='ltr'>esse</span> <span class='ocrx_word' id='word_1_180' title='bbox 767 2392 944 2464; x_wconf 90' lang='lat' dir='ltr'>faciendum,</span> <span class='ocrx_word' id='word_1_181' title='bbox 966 2392 1047 2468; x_wconf 92' lang='lat' dir='ltr'>quod</span> <span class='ocrx_word' id='word_1_182' title='bbox 1064 2393 1137 2450; x_wconf 90' lang='lat' dir='ltr'>Hel·</span> 
     </span>
     <span class='ocr_line' id='line_1_24' title="bbox 134 2485 1136 2563; baseline -0.004 -15"><span class='ocrx_word' id='word_1_183' title='bbox 134 2489 204 2549; x_wconf 86' lang='lat' dir='ltr'>vetii</span> <span class='ocrx_word' id='word_1_184' title='bbox 231 2489 362 2561; x_wconf 90' lang='lat' dir='ltr'>fecerint,</span> <span class='ocrx_word' id='word_1_185' title='bbox 388 2501 421 2548; x_wconf 90' lang='lat' dir='ltr'>ut</span> <span class='ocrx_word' id='word_1_186' title='bbox 449 2490 541 2548; x_wconf 94' lang='lat' dir='ltr'>domo</span> <span class='ocrx_word' id='word_1_187' title='bbox 569 2488 721 2563; x_wconf 86' lang='lat' dir='ltr'>emigrent,</span> <span class='ocrx_word' id='word_1_188' title='bbox 750 2487 830 2546; x_wconf 93' lang='lat' dir='ltr'>aliud</span> <span class='ocrx_word' id='word_1_189' title='bbox 851 2486 1043 2557; x_wconf 91' lang='lat' dir='ltr'>domicilium,</span> <span class='ocrx_word' id='word_1_190' title='bbox 1064 2485 1136 2544; x_wconf 90' lang='lat' dir='ltr'>alias</span> 
     </span>
     <span class='ocr_line' id='line_1_25' title="bbox 135 2582 1137 2659; baseline -0.003 -17"><span class='ocrx_word' id='word_1_191' title='bbox 135 2585 230 2655; x_wconf 79' lang='lat' dir='ltr'>sedeS,</span> <span class='ocrx_word' id='word_1_192' title='bbox 240 2594 368 2644; x_wconf 89' lang='lat' dir='ltr'>remotas</span> <span class='ocrx_word' id='word_1_193' title='bbox 383 2603 401 2641; x_wconf 89' lang='lat' dir='ltr'>a</span> <span class='ocrx_word' id='word_1_194' title='bbox 413 2582 577 2654; x_wconf 76' lang='lat' dir='ltr'>GermaniS,</span> <span class='ocrx_word' id='word_1_195' title='bbox 589 2592 691 2659; x_wconf 89' lang='lat' dir='ltr'>petant</span> <span class='ocrx_word' id='word_1_196' title='bbox 705 2583 920 2655; x_wconf 88' lang='lat' dir='ltr'>fortunamque,</span> <span class='ocrx_word' id='word_1_197' title='bbox 931 2599 1137 2656; x_wconf 91' lang='lat' dir='ltr'>quaecumque</span> 
     </span>
     <span class='ocr_line' id='line_1_26' title="bbox 85 2676 1137 2763; baseline -0.008 -19"><span class='ocrx_word' id='word_1_198' title='bbox 85 2703 119 2763; x_wconf 87' lang='lat'>25</span> <span class='ocrx_word' id='word_1_199' title='bbox 137 2680 262 2753; x_wconf 90' lang='lat' dir='ltr'>accidat,</span> <span class='ocrx_word' id='word_1_200' title='bbox 278 2680 471 2757; x_wconf 83' lang='lat' dir='ltr'>experiantur.</span> <span class='ocrx_word' id='word_1_201' title='bbox 515 2682 603 2739; x_wconf 89' lang='lat' dir='ltr'>Haec</span> <span class='ocrx_word' id='word_1_202' title='bbox 618 2678 642 2738; x_wconf 92' lang='lat' dir='ltr'>si</span> <span class='ocrx_word' id='word_1_203' title='bbox 657 2677 809 2736; x_wconf 89' lang='lat' dir='ltr'>enuntiata</span> <span class='ocrx_word' id='word_1_204' title='bbox 822 2676 972 2736; x_wconf 90' lang='lat' dir='ltr'>Ariovisto</span> <span class='ocrx_word' id='word_1_205' title='bbox 993 2677 1059 2750; x_wconf 89' lang='lat' dir='ltr'>sint,</span> <span class='ocrx_word' id='word_1_206' title='bbox 1075 2698 1137 2738; x_wconf 90' lang='lat' dir='ltr'>non</span> 
     </span>
     <span class='ocr_line' id='line_1_27' title="bbox 138 2773 1136 2853; baseline -0.002 -19"><span class='ocrx_word' id='word_1_207' title='bbox 138 2776 281 2849; x_wconf 89' lang='lat' dir='ltr'>dubitare,</span> <span class='ocrx_word' id='word_1_208' title='bbox 304 2776 376 2853; x_wconf 93' lang='lat' dir='ltr'>quin</span> <span class='ocrx_word' id='word_1_209' title='bbox 401 2777 440 2835; x_wconf 92' lang='lat' dir='ltr'>de</span> <span class='ocrx_word' id='word_1_210' title='bbox 462 2776 600 2835; x_wconf 91' lang='lat' dir='ltr'>omnibus</span> <span class='ocrx_word' id='word_1_211' title='bbox 621 2774 782 2846; x_wconf 67' lang='lat' dir='ltr'>obsidibus</span> <span class='ocrx_word' id='word_1_212' title='bbox 804 2774 856 2848; x_wconf 90' lang='lat' dir='ltr'>qui</span> <span class='ocrx_word' id='word_1_213' title='bbox 878 2774 956 2851; x_wconf 92' lang='lat' dir='ltr'>apud</span> <span class='ocrx_word' id='word_1_214' title='bbox 979 2793 1048 2835; x_wconf 92' lang='lat' dir='ltr'>eum</span> <span class='ocrx_word' id='word_1_215' title='bbox 1069 2773 1136 2844; x_wconf 87' lang='lat' dir='ltr'>sint,</span> 
     </span>
     <span class='ocr_line' id='line_1_28' title="bbox 136 2869 1137 2950; baseline -0.001 -20"><span class='ocrx_word' id='word_1_216' title='bbox 136 2871 340 2947; x_wconf 86' lang='lat' dir='ltr'>gravissimum</span> <span class='ocrx_word' id='word_1_217' title='bbox 363 2872 541 2950; x_wconf 87' lang='lat' dir='ltr'>supplicium</span> <span class='ocrx_word' id='word_1_218' title='bbox 566 2882 670 2931; x_wconf 90' lang='lat' dir='ltr'>sumat.</span> <span class='ocrx_word' id='word_1_219' title='bbox 716 2872 874 2931; x_wconf 89' lang='lat' dir='ltr'>Caesarem</span> <span class='ocrx_word' id='word_1_220' title='bbox 894 2871 940 2930; x_wconf 91' lang='lat' dir='ltr'>vel</span> <span class='ocrx_word' id='word_1_221' title='bbox 962 2869 1137 2929; x_wconf 88' lang='lat' dir='ltr'>auctoritate</span> 
     </span>
     <span class='ocr_line' id='line_1_29' title="bbox 135 2965 1137 3045; baseline -0.002 -19"><span class='ocrx_word' id='word_1_222' title='bbox 135 2987 189 3026; x_wconf 89' lang='lat' dir='ltr'>sua</span> <span class='ocrx_word' id='word_1_223' title='bbox 213 2980 301 3045; x_wconf 90' lang='lat' dir='ltr'>atque</span> <span class='ocrx_word' id='word_1_224' title='bbox 322 2969 464 3029; x_wconf 85' lang='lat' dir='ltr'>exercitus</span> <span class='ocrx_word' id='word_1_225' title='bbox 486 2969 532 3027; x_wconf 92' lang='lat' dir='ltr'>vel</span> <span class='ocrx_word' id='word_1_226' title='bbox 553 2967 664 3026; x_wconf 88' lang='lat' dir='ltr'>recenti</span> <span class='ocrx_word' id='word_1_227' title='bbox 683 2967 806 3027; x_wconf 91' lang='lat' dir='ltr'>victoria</span> <span class='ocrx_word' id='word_1_228' title='bbox 826 2968 873 3026; x_wconf 93' lang='lat' dir='ltr'>vel</span> <span class='ocrx_word' id='word_1_229' title='bbox 893 2965 1014 3025; x_wconf 91' lang='lat' dir='ltr'>nomine</span> <span class='ocrx_word' id='word_1_230' title='bbox 1033 2966 1137 3043; x_wconf 90' lang='lat' dir='ltr'>populi</span> 
     </span>
     <span class='ocr_line' id='line_1_30' title="bbox 136 3061 1136 3141; baseline -0.003 -19"><span class='ocrx_word' id='word_1_231' title='bbox 136 3063 267 3122; x_wconf 90' lang='lat' dir='ltr'>Romani</span> <span class='ocrx_word' id='word_1_232' title='bbox 285 3065 431 3123; x_wconf 87' lang='lat' dir='ltr'>deterrere</span> <span class='ocrx_word' id='word_1_233' title='bbox 455 3082 551 3141; x_wconf 91' lang='lat' dir='ltr'>posse,</span> <span class='ocrx_word' id='word_1_234' title='bbox 567 3082 605 3122; x_wconf 94' lang='lat' dir='ltr'>ne</span> <span class='ocrx_word' id='word_1_235' title='bbox 626 3061 720 3120; x_wconf 90' lang='lat' dir='ltr'>maior</span> <span class='ocrx_word' id='word_1_236' title='bbox 740 3062 899 3122; x_wconf 89' lang='lat' dir='ltr'>multitudo</span> <span class='ocrx_word' id='word_1_237' title='bbox 920 3063 1136 3121; x_wconf 89' lang='lat' dir='ltr'>Germanorum</span> 
     </span>
     <span class='ocr_line' id='line_1_31' title="bbox 84 3156 1137 3245; baseline -0.005 -24"><span class='ocrx_word' id='word_1_238' title='bbox 84 3189 121 3245; x_wconf 83' lang='lat'>30</span> <span class='ocrx_word' id='word_1_239' title='bbox 136 3163 277 3221; x_wconf 89' lang='lat' dir='ltr'>Rhenum</span> <span class='ocrx_word' id='word_1_240' title='bbox 292 3162 469 3234; x_wconf 90' lang='lat' dir='ltr'>traducatur,</span> <span class='ocrx_word' id='word_1_241' title='bbox 487 3159 673 3234; x_wconf 90' lang='lat' dir='ltr'>Galliamque</span> <span class='ocrx_word' id='word_1_242' title='bbox 689 3178 809 3217; x_wconf 89' lang='lat' dir='ltr'>omnem</span> <span class='ocrx_word' id='word_1_243' title='bbox 824 3159 861 3217; x_wconf 93' lang='lat' dir='ltr'>ab</span> <span class='ocrx_word' id='word_1_244' title='bbox 881 3157 1019 3217; x_wconf 91' lang='lat' dir='ltr'>Ariovisti</span> <span class='ocrx_word' id='word_1_245' title='bbox 1032 3156 1137 3216; x_wconf 90' lang='lat' dir='ltr'>iniuria</span> 
     </span>
     <span class='ocr_line' id='line_1_32' title="bbox 135 3252 1137 3335; baseline -0.004 -18"><span class='ocrx_word' id='word_1_246' title='bbox 135 3276 224 3335; x_wconf 90' lang='lat' dir='ltr'>posse</span> <span class='ocrx_word' id='word_1_247' title='bbox 251 3257 419 3317; x_wconf 87' lang='lat' dir='ltr'>defendere.</span> <span class='ocrx_word' id='word_1_248' title='bbox 464 3277 510 3331; x_wconf 84' lang='lat'>32.</span> <span class='ocrx_word' id='word_1_249' title='bbox 554 3257 624 3313; x_wconf 90' lang='lat' dir='ltr'>Hac</span> <span class='ocrx_word' id='word_1_250' title='bbox 645 3255 778 3313; x_wconf 89' lang='lat' dir='ltr'>oratione</span> <span class='ocrx_word' id='word_1_251' title='bbox 798 3255 837 3313; x_wconf 93' lang='lat' dir='ltr'>ab</span> <span class='ocrx_word' id='word_1_252' title='bbox 866 3253 1015 3313; x_wconf 89' lang='lat' dir='ltr'>Divitiaco</span> <span class='ocrx_word' id='word_1_253' title='bbox 1035 3252 1137 3313; x_wconf 90' lang='lat' dir='ltr'>habita</span> 
     </span>
    </p>
   </div>
   <div class='ocr_carea' id='block_1_3' title="bbox 119 3349 1137 3523">
    <p class='ocr_par' dir='ltr' id='par_1_3' title="bbox 119 3349 1137 3523">
     <span class='ocr_line' id='line_1_33' title="bbox 137 3349 1137 3428; baseline -0.009 -13"><span class='ocrx_word' id='word_1_254' title='bbox 137 3372 249 3425; x_wconf 92' lang='lat' dir='ltr'>omnes,</span> <span class='ocrx_word' id='word_1_255' title='bbox 266 3350 317 3428; x_wconf 92' lang='lat' dir='ltr'>qui</span> <span class='ocrx_word' id='word_1_256' title='bbox 331 3353 463 3426; x_wconf 89' lang='lat' dir='ltr'>aderant,</span> <span class='ocrx_word' id='word_1_257' title='bbox 478 3371 587 3428; x_wconf 85' lang='lat' dir='ltr'>magno</span> <span class='ocrx_word' id='word_1_258' title='bbox 602 3352 672 3409; x_wconf 90' lang='lat' dir='ltr'>fletu</span> <span class='ocrx_word' id='word_1_259' title='bbox 692 3349 833 3409; x_wconf 86' lang='lat' dir='ltr'>auxilium</span> <span class='ocrx_word' id='word_1_260' title='bbox 852 3370 870 3409; x_wconf 90' lang='lat' dir='ltr'>a</span> <span class='ocrx_word' id='word_1_261' title='bbox 888 3351 1015 3410; x_wconf 89' lang='lat' dir='ltr'>Caesare</span> <span class='ocrx_word' id='word_1_262' title='bbox 1036 3359 1137 3424; x_wconf 90' lang='lat' dir='ltr'>petere</span> 
     </span>
     <span class='ocr_line' id='line_1_34' title="bbox 119 3444 1136 3523; baseline 0.001 -21"><span class='ocrx_word' id='word_1_263' title='bbox 119 3459 298 3523; x_wconf 80' lang='lat' dir='ltr'>coeperunt</span> <span class='ocrx_word' id='word_1_264' title='bbox 333 3446 558 3509; x_wconf 90' lang='lat' dir='ltr'>Animadvertit</span> <span class='ocrx_word' id='word_1_265' title='bbox 568 3450 678 3510; x_wconf 90' lang='lat' dir='ltr'>Caesar</span> <span class='ocrx_word' id='word_1_266' title='bbox 693 3465 768 3506; x_wconf 90' lang='lat' dir='ltr'>unos</span> <span class='ocrx_word' id='word_1_267' title='bbox 782 3465 817 3505; x_wconf 85' lang='lat' dir='ltr'>ex</span> <span class='ocrx_word' id='word_1_268' title='bbox 830 3444 968 3505; x_wconf 91' lang='lat' dir='ltr'>omnibus</span> <span class='ocrx_word' id='word_1_269' title='bbox 982 3445 1136 3519; x_wconf 90' lang='lat' dir='ltr'>Sequanos</span> 
     </span>
    </p>
   </div>
   <div class='ocr_carea' id='block_1_4' title="bbox 0 0 1242 3796">
    <p class='ocr_par' dir='ltr' id='par_1_4' title="bbox 0 0 1242 3796">
     <span class='ocr_line' id='line_1_35' title="bbox 0 0 1242 3796; baseline 0 0"><span class='ocrx_word' id='word_1_270' title='bbox 0 0 1242 3796; x_wconf 95' lang='lat' dir='ltr'> </span> 
     </span>
    </p>
   </div>
  </div>
 </body>
</html>
