<?xml version="1.0" encoding="UTF-8"?>
<!DOCTYPE html PUBLIC "-//W3C//DTD XHTML 1.0 Transitional//EN"
    "http://www.w3.org/TR/xhtml1/DTD/xhtml1-transitional.dtd">
<html xmlns="http://www.w3.org/1999/xhtml" xml:lang="en" lang="en">
 <head>
  <title>
</title>
<meta http-equiv="Content-Type" content="text/html;charset=utf-8" />
  <meta name='ocr-system' content='tesseract 3.04.00' />
  <meta name='ocr-capabilities' content='ocr_page ocr_carea ocr_par ocr_line ocrx_word'/>
</head>
<body>
  <div class='ocr_page' id='page_1' title='image "./gaiiulicaesaris00peskgoog_0070.png"; bbox 0 0 2476 3796; ppageno 0'>
   <div class='ocr_carea' id='block_1_1' title="bbox 410 209 1139 289">
    <p class='ocr_par' dir='ltr' id='par_1_1' title="bbox 410 209 1139 289">
     <span class='ocr_line' id='line_1_1' title="bbox 410 209 1139 289; baseline 0.004 -21"><span class='ocrx_word' id='word_1_1' title='bbox 410 209 497 270; x_wconf 77' lang='grc' dir='ltr'>ΠΒ.</span> <span class='ocrx_word' id='word_1_2' title='bbox 521 210 567 270; x_wconf 92' lang='lat' dir='ltr'>II.</span> <span class='ocrx_word' id='word_1_3' title='bbox 616 211 706 272; x_wconf 81' lang='lat' dir='ltr'>cAP.</span> <span class='ocrx_word' id='word_1_4' title='bbox 732 226 859 288; x_wconf 83' lang='lat'><strong>23-27.</strong></span> <span class='ocrx_word' id='word_1_5' title='bbox 1100 228 1139 289; x_wconf 82' lang='lat'>45</span> 
     </span>
    </p>
   </div>
   <div class='ocr_carea' id='block_1_2' title="bbox 58 343 1191 819">
    <p class='ocr_par' dir='ltr' id='par_1_2' title="bbox 58 343 1191 819">
     <span class='ocr_line' id='line_1_2' title="bbox 136 343 1141 425; baseline 0.004 -22"><span class='ocrx_word' id='word_1_6' title='bbox 136 343 217 418; x_wconf 89' lang='lat' dir='ltr'>vidit,</span> <span class='ocrx_word' id='word_1_7' title='bbox 233 355 356 423; x_wconf 85' lang='lat' dir='ltr'>quartae</span> <span class='ocrx_word' id='word_1_8' title='bbox 376 347 507 407; x_wconf 83' lang='lat' dir='ltr'>cohortis</span> <span class='ocrx_word' id='word_1_9' title='bbox 526 347 664 408; x_wconf 92' lang='lat' dir='ltr'>omnibus</span> <span class='ocrx_word' id='word_1_10' title='bbox 684 347 906 408; x_wconf 89' lang='lat' dir='ltr'>centurionibus</span> <span class='ocrx_word' id='word_1_11' title='bbox 928 344 1032 408; x_wconf 91' lang='lat' dir='ltr'>occisis</span> <span class='ocrx_word' id='word_1_12' title='bbox 1055 346 1141 425; x_wconf 89' lang='lat' dir='ltr'>signi-</span> 
     </span>
     <span class='ocr_line' id='line_1_3' title="bbox 58 444 1141 524; baseline 0.006 -22"><span class='ocrx_word' id='word_1_13' title='bbox 58 464 62 470; x_wconf 90' lang='lat'>·</span> <span class='ocrx_word' id='word_1_14' title='bbox 136 447 263 521; x_wconf 54' lang='lat' dir='ltr'>feroque*</span> <span class='ocrx_word' id='word_1_15' title='bbox 293 444 456 519; x_wconf 86' lang='lat' dir='ltr'>interfecto,</span> <span class='ocrx_word' id='word_1_16' title='bbox 493 446 585 522; x_wconf 59' lang='lat' dir='ltr'>signov</span> <span class='ocrx_word' id='word_1_17' title='bbox 611 447 729 519; x_wconf 87' lang='lat' dir='ltr'>amiss0,</span> <span class='ocrx_word' id='word_1_18' title='bbox 761 448 938 524; x_wconf 89' lang='lat' dir='ltr'>reliquarum</span> <span class='ocrx_word' id='word_1_19' title='bbox 973 448 1141 511; x_wconf 81' lang='lat' dir='ltr'>cohortium</span> 
     </span>
     <span class='ocr_line' id='line_1_4' title="bbox 137 543 1142 621; baseline 0.006 -21"><span class='ocrx_word' id='word_1_20' title='bbox 137 543 276 602; x_wconf 92' lang='lat' dir='ltr'>omnibus</span> <span class='ocrx_word' id='word_1_21' title='bbox 304 545 364 603; x_wconf 82' lang='lat' dir='ltr'>sere</span> <span class='ocrx_word' id='word_1_22' title='bbox 387 544 610 604; x_wconf 85' lang='lat' dir='ltr'>centurionibus</span> <span class='ocrx_word' id='word_1_23' title='bbox 637 557 687 605; x_wconf 90' lang='lat' dir='ltr'>aut</span> <span class='ocrx_word' id='word_1_24' title='bbox 707 546 866 605; x_wconf 88' lang='lat' dir='ltr'>vulneratis</span> <span class='ocrx_word' id='word_1_25' title='bbox 894 556 945 605; x_wconf 91' lang='lat' dir='ltr'>aut</span> <span class='ocrx_word' id='word_1_26' title='bbox 969 545 1083 621; x_wconf 88' lang='lat' dir='ltr'>occisis,</span> <span class='ocrx_word' id='word_1_27' title='bbox 1109 544 1142 606; x_wconf 91' lang='lat' dir='ltr'>in</span> 
     </span>
     <span class='ocr_line' id='line_1_5' title="bbox 136 641 1142 720; baseline 0.004 -20"><span class='ocrx_word' id='word_1_28' title='bbox 136 641 182 701; x_wconf 88' lang='lat' dir='ltr'>his</span> <span class='ocrx_word' id='word_1_29' title='bbox 195 641 344 719; x_wconf 88' lang='lat' dir='ltr'>primipilo</span> <span class='ocrx_word' id='word_1_30' title='bbox 366 645 397 702; x_wconf 94' lang='lat' dir='ltr'>P.</span> <span class='ocrx_word' id='word_1_31' title='bbox 421 643 520 703; x_wconf 87' lang='lat' dir='ltr'>Sextio</span> <span class='ocrx_word' id='word_1_32' title='bbox 542 644 662 717; x_wconf 86' lang='lat' dir='ltr'>Baculo,</span> <span class='ocrx_word' id='word_1_33' title='bbox 678 643 837 704; x_wconf 87' lang='lat' dir='ltr'>fortissimo</span> <span class='ocrx_word' id='word_1_34' title='bbox 850 643 922 717; x_wconf 92' lang='lat' dir='ltr'>vir0,</span> <span class='ocrx_word' id='word_1_35' title='bbox 937 644 1036 704; x_wconf 90' lang='lat' dir='ltr'>multis</span> <span class='ocrx_word' id='word_1_36' title='bbox 1050 644 1142 720; x_wconf 89' lang='lat' dir='ltr'>gravi·</span> 
     </span>
     <span class='ocr_line' id='line_1_6' title="bbox 138 740 1191 819; baseline 0.002 -20"><span class='ocrx_word' id='word_1_37' title='bbox 138 741 254 816; x_wconf 91' lang='lat' dir='ltr'>busque</span> <span class='ocrx_word' id='word_1_38' title='bbox 267 740 439 800; x_wconf 88' lang='lat' dir='ltr'>vulneribus</span> <span class='ocrx_word' id='word_1_39' title='bbox 454 743 599 814; x_wconf 84' lang='lat' dir='ltr'>confecto,</span> <span class='ocrx_word' id='word_1_40' title='bbox 615 753 648 801; x_wconf 94' lang='lat' dir='ltr'>ut</span> <span class='ocrx_word' id='word_1_41' title='bbox 662 741 722 800; x_wconf 92' lang='lat' dir='ltr'>iam</span> <span class='ocrx_word' id='word_1_42' title='bbox 736 761 768 802; x_wconf 93' lang='lat' dir='ltr'>se</span> <span class='ocrx_word' id='word_1_43' title='bbox 786 741 930 801; x_wconf 92' lang='lat' dir='ltr'>sustinere</span> <span class='ocrx_word' id='word_1_44' title='bbox 949 761 1011 801; x_wconf 90' lang='lat' dir='ltr'>non</span> <span class='ocrx_word' id='word_1_45' title='bbox 1030 753 1140 819; x_wconf 87' lang='lat' dir='ltr'>posset,</span> <span class='ocrx_word' id='word_1_46' title='bbox 1175 748 1191 809; x_wconf 84' lang='grc'>5</span> 
     </span>
    </p>
   </div>
   <div class='ocr_carea' id='block_1_3' title="bbox 137 834 1196 3048">
    <p class='ocr_par' dir='ltr' id='par_1_3' title="bbox 137 834 1196 3048">
     <span class='ocr_line' id='line_1_7' title="bbox 137 834 1142 912; baseline 0.004 -20"><span class='ocrx_word' id='word_1_47' title='bbox 137 834 265 912; x_wconf 90' lang='lat' dir='ltr'>reliquos</span> <span class='ocrx_word' id='word_1_48' title='bbox 288 855 354 896; x_wconf 91' lang='lat' dir='ltr'>esse</span> <span class='ocrx_word' id='word_1_49' title='bbox 378 836 520 897; x_wconf 85' lang='lat' dir='ltr'>tardiores</span> <span class='ocrx_word' id='word_1_50' title='bbox 544 848 575 897; x_wconf 91' lang='lat' dir='ltr'>et</span> <span class='ocrx_word' id='word_1_51' title='bbox 595 839 755 896; x_wconf 91' lang='lat' dir='ltr'>nonnullos</span> <span class='ocrx_word' id='word_1_52' title='bbox 776 837 814 896; x_wconf 87' lang='lat' dir='ltr'>ab</span> <span class='ocrx_word' id='word_1_53' title='bbox 835 835 1001 897; x_wconf 88' lang='lat' dir='ltr'>novissimis</span> <span class='ocrx_word' id='word_1_54' title='bbox 1023 839 1142 897; x_wconf 91' lang='lat' dir='ltr'>deserto</span> 
     </span>
     <span class='ocr_line' id='line_1_8' title="bbox 137 930 1143 1007; baseline 0.002 -18"><span class='ocrx_word' id='word_1_55' title='bbox 137 932 205 990; x_wconf 90' lang='lat' dir='ltr'>loco</span> <span class='ocrx_word' id='word_1_56' title='bbox 225 930 339 1007; x_wconf 92' lang='lat' dir='ltr'>proelio</span> <span class='ocrx_word' id='word_1_57' title='bbox 360 934 503 991; x_wconf 86' lang='lat' dir='ltr'>excedere</span> <span class='ocrx_word' id='word_1_58' title='bbox 523 952 559 991; x_wconf 92' lang='lat' dir='ltr'>ac</span> <span class='ocrx_word' id='word_1_59' title='bbox 579 933 640 991; x_wconf 92' lang='lat' dir='ltr'>tela</span> <span class='ocrx_word' id='word_1_60' title='bbox 658 931 759 1002; x_wconf 87' lang='lat' dir='ltr'>vitare,</span> <span class='ocrx_word' id='word_1_61' title='bbox 774 932 875 990; x_wconf 91' lang='lat' dir='ltr'>hostes</span> <span class='ocrx_word' id='word_1_62' title='bbox 889 950 988 1006; x_wconf 90' lang='lat' dir='ltr'>neque</span> <span class='ocrx_word' id='word_1_63' title='bbox 1007 951 1026 990; x_wconf 91' lang='lat' dir='ltr'>a</span> <span class='ocrx_word' id='word_1_64' title='bbox 1045 932 1143 991; x_wconf 81' lang='lat' dir='ltr'>fronte</span> 
     </span>
     <span class='ocr_line' id='line_1_9' title="bbox 138 1027 1144 1105; baseline 0.001 -18"><span class='ocrx_word' id='word_1_65' title='bbox 138 1040 175 1087; x_wconf 85' lang='lat' dir='ltr'>ex</span> <span class='ocrx_word' id='word_1_66' title='bbox 201 1027 339 1089; x_wconf 87' lang='lat' dir='ltr'>inferiore</span> <span class='ocrx_word' id='word_1_67' title='bbox 366 1031 434 1090; x_wconf 91' lang='lat' dir='ltr'>loco</span> <span class='ocrx_word' id='word_1_68' title='bbox 462 1031 622 1090; x_wconf 90' lang='lat' dir='ltr'>subeuntes</span> <span class='ocrx_word' id='word_1_69' title='bbox 655 1028 850 1089; x_wconf 85' lang='lat' dir='ltr'>intermittere</span> <span class='ocrx_word' id='word_1_70' title='bbox 882 1039 912 1088; x_wconf 89' lang='lat' dir='ltr'>et</span> <span class='ocrx_word' id='word_1_71' title='bbox 945 1030 985 1088; x_wconf 93' lang='lat' dir='ltr'>ab</span> <span class='ocrx_word' id='word_1_72' title='bbox 1016 1039 1144 1105; x_wconf 91' lang='lat' dir='ltr'>utroque</span> 
     </span>
     <span class='ocr_line' id='line_1_10' title="bbox 138 1124 1143 1201; baseline 0.002 -19"><span class='ocrx_word' id='word_1_73' title='bbox 138 1125 230 1184; x_wconf 88' lang='lat' dir='ltr'>latere</span> <span class='ocrx_word' id='word_1_74' title='bbox 255 1124 364 1185; x_wconf 88' lang='lat' dir='ltr'>instare</span> <span class='ocrx_word' id='word_1_75' title='bbox 387 1137 417 1186; x_wconf 92' lang='lat' dir='ltr'>et</span> <span class='ocrx_word' id='word_1_76' title='bbox 437 1145 501 1185; x_wconf 90' lang='lat' dir='ltr'>rem</span> <span class='ocrx_word' id='word_1_77' title='bbox 525 1145 590 1185; x_wconf 93' lang='lat' dir='ltr'>esse</span> <span class='ocrx_word' id='word_1_78' title='bbox 611 1124 643 1184; x_wconf 92' lang='lat' dir='ltr'>in</span> <span class='ocrx_word' id='word_1_79' title='bbox 668 1138 795 1201; x_wconf 84' lang='lat' dir='ltr'>¹angusto</span> <span class='ocrx_word' id='word_1_80' title='bbox 821 1124 895 1185; x_wconf 85' lang='lat' dir='ltr'>vidit</span> <span class='ocrx_word' id='word_1_81' title='bbox 923 1144 1020 1201; x_wconf 89' lang='lat' dir='ltr'>neque</span> <span class='ocrx_word' id='word_1_82' title='bbox 1048 1127 1143 1184; x_wconf 89' lang='lat' dir='ltr'>ullum</span> 
     </span>
     <span class='ocr_line' id='line_1_11' title="bbox 139 1218 1194 1296; baseline 0.002 -19"><span class='ocrx_word' id='word_1_83' title='bbox 139 1238 204 1279; x_wconf 88' lang='lat' dir='ltr'>esse</span> <span class='ocrx_word' id='word_1_84' title='bbox 223 1219 395 1294; x_wconf 88' lang='lat' dir='ltr'>subsidium,</span> <span class='ocrx_word' id='word_1_85' title='bbox 418 1222 502 1296; x_wconf 68' lang='lat' dir='ltr'>quod,</span> <span class='ocrx_word' id='word_1_86' title='bbox 520 1218 653 1280; x_wconf 86' lang='lat' dir='ltr'>submitti</span> <span class='ocrx_word' id='word_1_87' title='bbox 673 1229 783 1295; x_wconf 92' lang='lat' dir='ltr'>posset,</span> <span class='ocrx_word' id='word_1_88' title='bbox 806 1231 891 1278; x_wconf 88' lang='lat' dir='ltr'>scuto</span> <span class='ocrx_word' id='word_1_89' title='bbox 911 1221 951 1278; x_wconf 87' lang='lat' dir='ltr'>ab</span> <span class='ocrx_word' id='word_1_90' title='bbox 978 1218 1143 1279; x_wconf 89' lang='lat' dir='ltr'>novissimis</span> <span class='ocrx_word' id='word_1_91' title='bbox 1157 1230 1194 1291; x_wconf 63' lang='lat'>15</span> 
     </span>
     <span class='ocr_line' id='line_1_12' title="bbox 139 1315 1144 1395; baseline 0.001 -20"><span class='ocrx_word' id='word_1_92' title='bbox 139 1315 225 1376; x_wconf 90' lang='lat' dir='ltr'>militi</span> <span class='ocrx_word' id='word_1_93' title='bbox 253 1318 395 1390; x_wconf 87' lang='lat' dir='ltr'>detracto,</span> <span class='ocrx_word' id='word_1_94' title='bbox 422 1320 504 1394; x_wconf 91' lang='lat' dir='ltr'>quod</span> <span class='ocrx_word' id='word_1_95' title='bbox 530 1316 596 1395; x_wconf 93' lang='lat' dir='ltr'>ipse</span> <span class='ocrx_word' id='word_1_96' title='bbox 624 1337 661 1377; x_wconf 88' lang='lat' dir='ltr'>eo</span> <span class='ocrx_word' id='word_1_97' title='bbox 688 1316 752 1377; x_wconf 92' lang='lat' dir='ltr'>sine</span> <span class='ocrx_word' id='word_1_98' title='bbox 772 1329 857 1377; x_wconf 91' lang='lat' dir='ltr'>scuto</span> <span class='ocrx_word' id='word_1_99' title='bbox 883 1328 1012 1390; x_wconf 90' lang='lat' dir='ltr'>venerat,</span> <span class='ocrx_word' id='word_1_100' title='bbox 1034 1317 1066 1376; x_wconf 94' lang='lat' dir='ltr'>in</span> <span class='ocrx_word' id='word_1_101' title='bbox 1085 1315 1144 1394; x_wconf 90' lang='lat' dir='ltr'>pri-</span> 
     </span>
     <span class='ocr_line' id='line_1_13' title="bbox 139 1415 1144 1494; baseline 0.003 -20"><span class='ocrx_word' id='word_1_102' title='bbox 139 1435 219 1474; x_wconf 89' lang='lat' dir='ltr'>mam</span> <span class='ocrx_word' id='word_1_103' title='bbox 235 1415 330 1475; x_wconf 84' lang='lat' dir='ltr'>aciem</span> <span class='ocrx_word' id='word_1_104' title='bbox 344 1416 487 1493; x_wconf 91' lang='lat' dir='ltr'>processit</span> <span class='ocrx_word' id='word_1_105' title='bbox 501 1415 783 1492; x_wconf 88' lang='lat' dir='ltr'>centurionibusque</span> <span class='ocrx_word' id='word_1_106' title='bbox 796 1415 973 1477; x_wconf 89' lang='lat' dir='ltr'>nominatim</span> <span class='ocrx_word' id='word_1_107' title='bbox 988 1415 1144 1494; x_wconf 87' lang='lat' dir='ltr'>appellatis</span> 
     </span>
     <span class='ocr_line' id='line_1_14' title="bbox 140 1511 1144 1589; baseline 0.002 -19"><span class='ocrx_word' id='word_1_108' title='bbox 140 1511 268 1588; x_wconf 91' lang='lat' dir='ltr'>reliquos</span> <span class='ocrx_word' id='word_1_109' title='bbox 283 1513 453 1572; x_wconf 90' lang='lat' dir='ltr'>cohortatus</span> <span class='ocrx_word' id='word_1_110' title='bbox 472 1512 580 1572; x_wconf 90' lang='lat' dir='ltr'>milites</span> <span class='ocrx_word' id='word_1_111' title='bbox 597 1511 681 1589; x_wconf 88' lang='lat' dir='ltr'>signa</span> <span class='ocrx_word' id='word_1_112' title='bbox 694 1511 800 1571; x_wconf 85' lang='lat' dir='ltr'>inferre</span> <span class='ocrx_word' id='word_1_113' title='bbox 818 1522 849 1572; x_wconf 88' lang='lat' dir='ltr'>et</span> <span class='ocrx_word' id='word_1_114' title='bbox 862 1512 1032 1589; x_wconf 88' lang='lat' dir='ltr'>manipulos</span> <span class='ocrx_word' id='word_1_115' title='bbox 1046 1514 1144 1572; x_wconf 86' lang='lat' dir='ltr'>laxare</span> 
     </span>
     <span class='ocr_line' id='line_1_15' title="bbox 140 1608 1146 1692; baseline 0.003 -24"><span class='ocrx_word' id='word_1_116' title='bbox 140 1608 231 1683; x_wconf 89' lang='lat' dir='ltr'>iussit,</span> <span class='ocrx_word' id='word_1_117' title='bbox 248 1629 308 1687; x_wconf 93' lang='lat' dir='ltr'>quo</span> <span class='ocrx_word' id='word_1_118' title='bbox 329 1609 443 1692; x_wconf 82' lang='lat' dir='ltr'>facilius</span> <span class='ocrx_word' id='word_1_119' title='bbox 461 1610 566 1688; x_wconf 88' lang='lat' dir='ltr'>gladiis</span> <span class='ocrx_word' id='word_1_120' title='bbox 587 1610 631 1670; x_wconf 92' lang='lat' dir='ltr'>uti</span> <span class='ocrx_word' id='word_1_121' title='bbox 649 1622 779 1687; x_wconf 91' lang='lat' dir='ltr'>possent.</span> <span class='ocrx_word' id='word_1_122' title='bbox 823 1608 914 1671; x_wconf 90' lang='lat' dir='ltr'>Cuius</span> <span class='ocrx_word' id='word_1_123' title='bbox 937 1612 1068 1670; x_wconf 87' lang='lat' dir='ltr'>adventu</span> <span class='ocrx_word' id='word_1_124' title='bbox 1091 1629 1146 1688; x_wconf 90' lang='lat' dir='ltr'>spe</span> 
     </span>
     <span class='ocr_line' id='line_1_16' title="bbox 140 1706 1192 1792; baseline 0.007 -26"><span class='ocrx_word' id='word_1_125' title='bbox 140 1707 222 1779; x_wconf 79' lang='lat' dir='ltr'>illata</span> <span class='ocrx_word' id='word_1_126' title='bbox 242 1707 384 1769; x_wconf 89' lang='lat' dir='ltr'>militibus</span> <span class='ocrx_word' id='word_1_127' title='bbox 405 1727 440 1769; x_wconf 90' lang='lat' dir='ltr'>ac</span> <span class='ocrx_word' id='word_1_128' title='bbox 457 1707 657 1784; x_wconf 89' lang='lat' dir='ltr'>redintegrato</span> <span class='ocrx_word' id='word_1_129' title='bbox 677 1706 786 1780; x_wconf 91' lang='lat' dir='ltr'>animo,</span> <span class='ocrx_word' id='word_1_130' title='bbox 802 1727 871 1768; x_wconf 90' lang='lat' dir='ltr'>cum</span> <span class='ocrx_word' id='word_1_131' title='bbox 892 1727 947 1785; x_wconf 94' lang='lat' dir='ltr'>pro</span> <span class='ocrx_word' id='word_1_132' title='bbox 965 1727 998 1768; x_wconf 93' lang='lat' dir='ltr'>se</span> <span class='ocrx_word' id='word_1_133' title='bbox 1019 1707 1145 1786; x_wconf 90' lang='lat' dir='ltr'>quisque</span> <span class='ocrx_word' id='word_1_134' title='bbox 1158 1732 1192 1792; x_wconf 85' lang='lat'>15</span> 
     </span>
     <span class='ocr_line' id='line_1_17' title="bbox 140 1804 1146 1884; baseline 0.002 -20"><span class='ocrx_word' id='word_1_135' title='bbox 140 1805 171 1865; x_wconf 91' lang='lat' dir='ltr'>in</span> <span class='ocrx_word' id='word_1_136' title='bbox 189 1818 353 1884; x_wconf 91' lang='lat' dir='ltr'>conspectu</span> <span class='ocrx_word' id='word_1_137' title='bbox 370 1805 555 1883; x_wconf 91' lang='lat' dir='ltr'>imperatoris</span> <span class='ocrx_word' id='word_1_138' title='bbox 574 1805 663 1866; x_wconf 87' lang='lat' dir='ltr'>etiam</span> <span class='ocrx_word' id='word_1_139' title='bbox 681 1806 713 1864; x_wconf 91' lang='lat' dir='ltr'>in</span> <span class='ocrx_word' id='word_1_140' title='bbox 732 1806 869 1866; x_wconf 86' lang='lat' dir='ltr'>extremis</span> <span class='ocrx_word' id='word_1_141' title='bbox 888 1804 947 1865; x_wconf 93' lang='lat' dir='ltr'>suis</span> <span class='ocrx_word' id='word_1_142' title='bbox 968 1808 1055 1866; x_wconf 90' lang='lat' dir='ltr'>rebus</span> <span class='ocrx_word' id='word_1_143' title='bbox 1074 1825 1146 1884; x_wconf 93' lang='lat' dir='ltr'>ope-</span> 
     </span>
     <span class='ocr_line' id='line_1_18' title="bbox 140 1902 1143 1982; baseline -0.004 -14"><span class='ocrx_word' id='word_1_144' title='bbox 140 1930 203 1970; x_wconf 89' lang='lat' dir='ltr'>ram</span> <span class='ocrx_word' id='word_1_145' title='bbox 224 1925 334 1967; x_wconf 87' lang='lat' dir='ltr'>navare</span> <span class='ocrx_word' id='word_1_146' title='bbox 351 1916 481 1982; x_wconf 91' lang='lat' dir='ltr'>cuperet,</span> <span class='ocrx_word' id='word_1_147' title='bbox 496 1907 618 1982; x_wconf 87' lang='lat' dir='ltr'>paulurn</span> <span class='ocrx_word' id='word_1_148' title='bbox 638 1904 768 1965; x_wconf 89' lang='lat' dir='ltr'>hostium</span> <span class='ocrx_word' id='word_1_149' title='bbox 788 1902 919 1980; x_wconf 89' lang='lat' dir='ltr'>impetus</span> <span class='ocrx_word' id='word_1_150' title='bbox 937 1904 1070 1965; x_wconf 82' lang='lat' dir='ltr'>tardatus</span> <span class='ocrx_word' id='word_1_151' title='bbox 1089 1915 1143 1964; x_wconf 79' lang='lat' dir='ltr'>est</span> 
     </span>
     <span class='ocr_line' id='line_1_19' title="bbox 143 2001 1144 2081; baseline -0.005 -14"><span class='ocrx_word' id='word_1_152' title='bbox 143 2011 189 2068; x_wconf 84' lang='lat'>26.</span> <span class='ocrx_word' id='word_1_153' title='bbox 226 2009 337 2069; x_wconf 87' lang='lat' dir='ltr'>Caesar</span> <span class='ocrx_word' id='word_1_154' title='bbox 351 2023 420 2063; x_wconf 92' lang='lat' dir='ltr'>cum</span> <span class='ocrx_word' id='word_1_155' title='bbox 434 2003 594 2081; x_wconf 86' lang='lat' dir='ltr'>septimam</span> <span class='ocrx_word' id='word_1_156' title='bbox 606 2002 765 2080; x_wconf 87' lang='lat' dir='ltr'>legionem,</span> <span class='ocrx_word' id='word_1_157' title='bbox 777 2021 854 2080; x_wconf 87' lang='lat' dir='ltr'>quae</span> <span class='ocrx_word' id='word_1_158' title='bbox 867 2001 949 2062; x_wconf 87' lang='lat' dir='ltr'>iuxta</span> <span class='ocrx_word' id='word_1_159' title='bbox 963 2001 1144 2076; x_wconf 88' lang='lat' dir='ltr'>constiterat,</span> 
     </span>
     <span class='ocr_line' id='line_1_20' title="bbox 140 2097 1144 2180; baseline -0.005 -14"><span class='ocrx_word' id='word_1_160' title='bbox 140 2105 213 2166; x_wconf 92' lang='lat' dir='ltr'>item</span> <span class='ocrx_word' id='word_1_161' title='bbox 239 2101 335 2180; x_wconf 89' lang='lat' dir='ltr'>urgeri</span> <span class='ocrx_word' id='word_1_162' title='bbox 362 2103 402 2161; x_wconf 91' lang='lat' dir='ltr'>ab</span> <span class='ocrx_word' id='word_1_163' title='bbox 428 2102 515 2160; x_wconf 92' lang='lat' dir='ltr'>hoste</span> <span class='ocrx_word' id='word_1_164' title='bbox 540 2099 671 2172; x_wconf 85' lang='lat' dir='ltr'>vidisset,</span> <span class='ocrx_word' id='word_1_165' title='bbox 702 2099 837 2160; x_wconf 90' lang='lat' dir='ltr'>tribunos</span> <span class='ocrx_word' id='word_1_166' title='bbox 864 2097 992 2158; x_wconf 90' lang='lat' dir='ltr'>militurn</span> <span class='ocrx_word' id='word_1_167' title='bbox 1019 2100 1144 2175; x_wconf 90' lang='lat' dir='ltr'>monuit,</span> 
     </span>
     <span class='ocr_line' id='line_1_21' title="bbox 140 2195 1196 2279; baseline -0.007 -17"><span class='ocrx_word' id='word_1_168' title='bbox 140 2213 174 2263; x_wconf 93' lang='lat' dir='ltr'>ut</span> <span class='ocrx_word' id='word_1_169' title='bbox 194 2199 338 2279; x_wconf 88' lang='lat' dir='ltr'>paulatim</span> <span class='ocrx_word' id='word_1_170' title='bbox 361 2217 427 2258; x_wconf 89' lang='lat' dir='ltr'>sese</span> <span class='ocrx_word' id='word_1_171' title='bbox 447 2196 579 2274; x_wconf 87' lang='lat' dir='ltr'>legiones</span> <span class='ocrx_word' id='word_1_172' title='bbox 607 2195 820 2274; x_wconf 88' lang='lat' dir='ltr'>coniungerent</span> <span class='ocrx_word' id='word_1_173' title='bbox 841 2206 871 2256; x_wconf 89' lang='lat' dir='ltr'>et</span> <span class='ocrx_word' id='word_1_174' title='bbox 893 2215 1036 2256; x_wconf 86' lang='lat' dir='ltr'>conversa</span> <span class='ocrx_word' id='word_1_175' title='bbox 1062 2196 1146 2274; x_wconf 91' lang='lat' dir='ltr'>signa</span> <span class='ocrx_word' id='word_1_176' title='bbox 1159 2218 1196 2256; x_wconf 88' lang='lat'>20</span> 
     </span>
     <span class='ocr_line' id='line_1_22' title="bbox 141 2292 1145 2369; baseline -0.004 -11"><span class='ocrx_word' id='word_1_177' title='bbox 141 2300 173 2358; x_wconf 94' lang='lat' dir='ltr'>in</span> <span class='ocrx_word' id='word_1_178' title='bbox 199 2300 300 2358; x_wconf 92' lang='lat' dir='ltr'>hostes</span> <span class='ocrx_word' id='word_1_179' title='bbox 328 2293 475 2355; x_wconf 83' lang='lat' dir='ltr'>inferrent.</span> <span class='ocrx_word' id='word_1_180' title='bbox 519 2296 589 2369; x_wconf 89' lang='lat' dir='ltr'>Quo</span> <span class='ocrx_word' id='word_1_181' title='bbox 610 2295 690 2354; x_wconf 86' lang='lat' dir='ltr'>facto</span> <span class='ocrx_word' id='word_1_182' title='bbox 718 2313 787 2353; x_wconf 94' lang='lat' dir='ltr'>cum</span> <span class='ocrx_word' id='word_1_183' title='bbox 815 2292 889 2353; x_wconf 91' lang='lat' dir='ltr'>alius</span> <span class='ocrx_word' id='word_1_184' title='bbox 910 2293 959 2353; x_wconf 90' lang='lat' dir='ltr'>alii</span> <span class='ocrx_word' id='word_1_185' title='bbox 981 2293 1145 2355; x_wconf 90' lang='lat' dir='ltr'>subsidium</span> 
     </span>
     <span class='ocr_line' id='line_1_23' title="bbox 141 2388 1145 2470; baseline -0.004 -15"><span class='ocrx_word' id='word_1_186' title='bbox 141 2398 237 2469; x_wconf 87' lang='lat' dir='ltr'>ferret,</span> <span class='ocrx_word' id='word_1_187' title='bbox 252 2412 350 2470; x_wconf 90' lang='lat' dir='ltr'>neque</span> <span class='ocrx_word' id='word_1_188' title='bbox 364 2391 510 2463; x_wconf 90' lang='lat' dir='ltr'>timerent,</span> <span class='ocrx_word' id='word_1_189' title='bbox 525 2411 564 2451; x_wconf 91' lang='lat' dir='ltr'>ne</span> <span class='ocrx_word' id='word_1_190' title='bbox 585 2388 678 2451; x_wconf 88' lang='lat' dir='ltr'>aversi</span> <span class='ocrx_word' id='word_1_191' title='bbox 697 2392 736 2450; x_wconf 91' lang='lat' dir='ltr'>ab</span> <span class='ocrx_word' id='word_1_192' title='bbox 754 2390 842 2451; x_wconf 92' lang='lat' dir='ltr'>hoste</span> <span class='ocrx_word' id='word_1_193' title='bbox 860 2389 1145 2466; x_wconf 89' lang='lat' dir='ltr'>circumvenirentur,</span> 
     </span>
     <span class='ocr_line' id='line_1_24' title="bbox 142 2487 1147 2565; baseline -0.003 -13"><span class='ocrx_word' id='word_1_194' title='bbox 142 2490 282 2553; x_wconf 89' lang='lat' dir='ltr'>audacius</span> <span class='ocrx_word' id='word_1_195' title='bbox 310 2487 443 2549; x_wconf 89' lang='lat' dir='ltr'>resistere</span> <span class='ocrx_word' id='word_1_196' title='bbox 470 2507 506 2548; x_wconf 90' lang='lat' dir='ltr'>ac</span> <span class='ocrx_word' id='word_1_197' title='bbox 533 2487 636 2548; x_wconf 90' lang='lat' dir='ltr'>fortius</span> <span class='ocrx_word' id='word_1_198' title='bbox 656 2506 789 2565; x_wconf 90' lang='lat' dir='ltr'>pugnare</span> <span class='ocrx_word' id='word_1_199' title='bbox 809 2500 979 2565; x_wconf 91' lang='lat' dir='ltr'>coeperunt.</span> <span class='ocrx_word' id='word_1_200' title='bbox 1023 2489 1147 2549; x_wconf 85' lang='lat' dir='ltr'>Interim</span> 
     </span>
     <span class='ocr_line' id='line_1_25' title="bbox 142 2581 1148 2662; baseline -0.002 -15"><span class='ocrx_word' id='word_1_201' title='bbox 142 2586 250 2648; x_wconf 91' lang='lat' dir='ltr'>milites</span> <span class='ocrx_word' id='word_1_202' title='bbox 270 2585 421 2662; x_wconf 90' lang='lat' dir='ltr'>legionum</span> <span class='ocrx_word' id='word_1_203' title='bbox 441 2584 575 2656; x_wconf 89' lang='lat' dir='ltr'>duarum,</span> <span class='ocrx_word' id='word_1_204' title='bbox 597 2602 674 2660; x_wconf 89' lang='lat' dir='ltr'>quae</span> <span class='ocrx_word' id='word_1_205' title='bbox 695 2581 727 2640; x_wconf 92' lang='lat' dir='ltr'>in</span> <span class='ocrx_word' id='word_1_206' title='bbox 743 2581 904 2644; x_wconf 88' lang='lat' dir='ltr'>novissimo</span> <span class='ocrx_word' id='word_1_207' title='bbox 928 2583 1046 2661; x_wconf 87' lang='lat' dir='ltr'>agmine</span> <span class='ocrx_word' id='word_1_208' title='bbox 1066 2586 1148 2662; x_wconf 86' lang='lat' dir='ltr'>prae-</span> 
     </span>
     <span class='ocr_line' id='line_1_26' title="bbox 142 2679 1195 2761; baseline -0.009 -15"><span class='ocrx_word' id='word_1_209' title='bbox 142 2685 219 2746; x_wconf 92' lang='lat' dir='ltr'>sidio</span> <span class='ocrx_word' id='word_1_210' title='bbox 239 2679 460 2761; x_wconf 91' lang='lat' dir='ltr'>impedimentis</span> <span class='ocrx_word' id='word_1_211' title='bbox 480 2683 604 2753; x_wconf 86' lang='lat' dir='ltr'>fuerant,</span> <span class='ocrx_word' id='word_1_212' title='bbox 626 2679 741 2757; x_wconf 92' lang='lat' dir='ltr'>proelio</span> <span class='ocrx_word' id='word_1_213' title='bbox 762 2680 898 2740; x_wconf 90' lang='lat' dir='ltr'>nuntiato</span> <span class='ocrx_word' id='word_1_214' title='bbox 920 2701 1006 2741; x_wconf 91' lang='lat' dir='ltr'>cursu</span> <span class='ocrx_word' id='word_1_215' title='bbox 1024 2681 1147 2742; x_wconf 91' lang='lat' dir='ltr'>incitato</span> <span class='ocrx_word' id='word_1_216' title='bbox 1160 2695 1195 2757; x_wconf 86' lang='lat'>²5</span> 
     </span>
     <span class='ocr_line' id='line_1_27' title="bbox 142 2776 1147 2856; baseline 0 -16"><span class='ocrx_word' id='word_1_217' title='bbox 142 2781 174 2842; x_wconf 92' lang='lat' dir='ltr'>in</span> <span class='ocrx_word' id='word_1_218' title='bbox 202 2799 320 2842; x_wconf 92' lang='lat' dir='ltr'>summo</span> <span class='ocrx_word' id='word_1_219' title='bbox 354 2779 431 2838; x_wconf 94' lang='lat' dir='ltr'>colle</span> <span class='ocrx_word' id='word_1_220' title='bbox 462 2779 502 2838; x_wconf 91' lang='lat' dir='ltr'>ab</span> <span class='ocrx_word' id='word_1_221' title='bbox 531 2777 667 2839; x_wconf 91' lang='lat' dir='ltr'>hostibus</span> <span class='ocrx_word' id='word_1_222' title='bbox 699 2776 969 2856; x_wconf 84' lang='lat' dir='ltr'>conspiciebantur,</span> <span class='ocrx_word' id='word_1_223' title='bbox 998 2791 1028 2839; x_wconf 91' lang='lat' dir='ltr'>et</span> <span class='ocrx_word' id='word_1_224' title='bbox 1061 2778 1147 2840; x_wconf 90' lang='lat' dir='ltr'>Titus</span> 
     </span>
     <span class='ocr_line' id='line_1_28' title="bbox 143 2870 1147 2951; baseline -0.001 -15"><span class='ocrx_word' id='word_1_225' title='bbox 143 2875 294 2936; x_wconf 88' lang='lat' dir='ltr'>Labienus</span> <span class='ocrx_word' id='word_1_226' title='bbox 322 2871 423 2933; x_wconf 85' lang='lat' dir='ltr'>castris</span> <span class='ocrx_word' id='word_1_227' title='bbox 451 2870 583 2932; x_wconf 92' lang='lat' dir='ltr'>hostium</span> <span class='ocrx_word' id='word_1_228' title='bbox 614 2870 727 2949; x_wconf 94' lang='lat' dir='ltr'>potitus</span> <span class='ocrx_word' id='word_1_229' title='bbox 756 2888 787 2932; x_wconf 92' lang='lat' dir='ltr'>et</span> <span class='ocrx_word' id='word_1_230' title='bbox 819 2891 855 2933; x_wconf 87' lang='lat' dir='ltr'>ex</span> <span class='ocrx_word' id='word_1_231' title='bbox 885 2874 953 2933; x_wconf 91' lang='lat' dir='ltr'>loco</span> <span class='ocrx_word' id='word_1_232' title='bbox 988 2873 1147 2951; x_wconf 92' lang='lat' dir='ltr'>superiore,</span> 
     </span>
     <span class='ocr_line' id='line_1_29' title="bbox 144 2964 1148 3048; baseline -0.002 -17"><span class='ocrx_word' id='word_1_233' title='bbox 144 2989 220 3048; x_wconf 88' lang='lat' dir='ltr'>quae</span> <span class='ocrx_word' id='word_1_234' title='bbox 240 2989 286 3030; x_wconf 92' lang='lat' dir='ltr'>res</span> <span class='ocrx_word' id='word_1_235' title='bbox 306 2967 338 3027; x_wconf 92' lang='lat' dir='ltr'>in</span> <span class='ocrx_word' id='word_1_236' title='bbox 357 2966 464 3027; x_wconf 91' lang='lat' dir='ltr'>nostris</span> <span class='ocrx_word' id='word_1_237' title='bbox 484 2964 585 3026; x_wconf 88' lang='lat' dir='ltr'>castris</span> <span class='ocrx_word' id='word_1_238' title='bbox 605 2977 781 3044; x_wconf 90' lang='lat' dir='ltr'>gererentur,</span> <span class='ocrx_word' id='word_1_239' title='bbox 797 2966 985 3044; x_wconf 90' lang='lat' dir='ltr'>conspicatus</span> <span class='ocrx_word' id='word_1_240' title='bbox 999 2968 1148 3030; x_wconf 91' lang='lat' dir='ltr'>decimam</span> 
     </span>
    </p>
   </div>
   <div class='ocr_carea' id='block_1_4' title="bbox 143 3062 1200 3526">
    <p class='ocr_par' dir='ltr' id='par_1_4' title="bbox 143 3062 1200 3526">
     <span class='ocr_line' id='line_1_30' title="bbox 143 3062 1150 3145; baseline -0.001 -17"><span class='ocrx_word' id='word_1_241' title='bbox 143 3067 291 3145; x_wconf 87' lang='lat' dir='ltr'>legionem</span> <span class='ocrx_word' id='word_1_242' title='bbox 313 3063 447 3125; x_wconf 91' lang='lat' dir='ltr'>subsidio</span> <span class='ocrx_word' id='word_1_243' title='bbox 470 3062 577 3124; x_wconf 85' lang='lat' dir='ltr'>nostris</span> <span class='ocrx_word' id='word_1_244' title='bbox 598 3063 686 3124; x_wconf 85' lang='lat' dir='ltr'>misit</span> <span class='ocrx_word' id='word_1_245' title='bbox 729 3062 879 3140; x_wconf 87' lang='lat' dir='ltr'>Quicum</span> <span class='ocrx_word' id='word_1_246' title='bbox 901 3083 938 3124; x_wconf 88' lang='lat' dir='ltr'>ex</span> <span class='ocrx_word' id='word_1_247' title='bbox 957 3065 1091 3142; x_wconf 91' lang='lat' dir='ltr'>equitum</span> <span class='ocrx_word' id='word_1_248' title='bbox 1118 3078 1150 3128; x_wconf 89' lang='lat' dir='ltr'>et</span> 
     </span>
     <span class='ocr_line' id='line_1_31' title="bbox 144 3159 1200 3249; baseline 0 -24"><span class='ocrx_word' id='word_1_249' title='bbox 144 3167 283 3225; x_wconf 88' lang='lat' dir='ltr'>calonum</span> <span class='ocrx_word' id='word_1_250' title='bbox 297 3165 374 3240; x_wconf 86' lang='lat' dir='ltr'>fuga,</span> <span class='ocrx_word' id='word_1_251' title='bbox 390 3181 451 3239; x_wconf 89' lang='lat' dir='ltr'>quo</span> <span class='ocrx_word' id='word_1_252' title='bbox 470 3159 503 3221; x_wconf 89' lang='lat' dir='ltr'>in</span> <span class='ocrx_word' id='word_1_253' title='bbox 520 3162 590 3222; x_wconf 93' lang='lat' dir='ltr'>loco</span> <span class='ocrx_word' id='word_1_254' title='bbox 604 3181 652 3222; x_wconf 89' lang='lat' dir='ltr'>res</span> <span class='ocrx_word' id='word_1_255' title='bbox 671 3172 757 3234; x_wconf 89' lang='lat' dir='ltr'>esset,</span> <span class='ocrx_word' id='word_1_256' title='bbox 773 3173 946 3240; x_wconf 90' lang='lat' dir='ltr'>quantoque</span> <span class='ocrx_word' id='word_1_257' title='bbox 967 3161 1000 3221; x_wconf 92' lang='lat' dir='ltr'>in</span> <span class='ocrx_word' id='word_1_258' title='bbox 1016 3162 1148 3240; x_wconf 91' lang='lat' dir='ltr'>periculo</span> <span class='ocrx_word' id='word_1_259' title='bbox 1161 3190 1200 3249; x_wconf 87' lang='lat'>30</span> 
     </span>
     <span class='ocr_line' id='line_1_32' title="bbox 144 3257 1148 3336; baseline -0.002 -13"><span class='ocrx_word' id='word_1_260' title='bbox 144 3273 175 3323; x_wconf 93' lang='lat' dir='ltr'>et</span> <span class='ocrx_word' id='word_1_261' title='bbox 195 3273 291 3322; x_wconf 87' lang='lat' dir='ltr'>castra</span> <span class='ocrx_word' id='word_1_262' title='bbox 313 3271 343 3321; x_wconf 91' lang='lat' dir='ltr'>et</span> <span class='ocrx_word' id='word_1_263' title='bbox 362 3258 495 3336; x_wconf 89' lang='lat' dir='ltr'>legiones</span> <span class='ocrx_word' id='word_1_264' title='bbox 516 3270 547 3319; x_wconf 93' lang='lat' dir='ltr'>et</span> <span class='ocrx_word' id='word_1_265' title='bbox 566 3257 728 3336; x_wconf 90' lang='lat' dir='ltr'>imperator</span> <span class='ocrx_word' id='word_1_266' title='bbox 743 3269 915 3331; x_wconf 85' lang='lat' dir='ltr'>versaretur,</span> <span class='ocrx_word' id='word_1_267' title='bbox 930 3259 1148 3336; x_wconf 90' lang='lat' dir='ltr'>cognovissent,</span> 
     </span>
     <span class='ocr_line' id='line_1_33' title="bbox 143 3354 1149 3439; baseline 0 -21"><span class='ocrx_word' id='word_1_268' title='bbox 143 3356 218 3418; x_wconf 91' lang='lat' dir='ltr'>nihil</span> <span class='ocrx_word' id='word_1_269' title='bbox 228 3359 268 3439; x_wconf 88' lang='lat' dir='ltr'>ad</span> <span class='ocrx_word' id='word_1_270' title='bbox 276 3356 457 3418; x_wconf 88' lang='lat' dir='ltr'>celeritatem</span> <span class='ocrx_word' id='word_1_271' title='bbox 472 3354 528 3417; x_wconf 93' lang='lat' dir='ltr'>sibi</span> <span class='ocrx_word' id='word_1_272' title='bbox 538 3355 642 3433; x_wconf 92' lang='lat' dir='ltr'>reliqui</span> <span class='ocrx_word' id='word_1_273' title='bbox 651 3358 791 3417; x_wconf 87' lang='lat' dir='ltr'>fecerunt.</span> <span class='ocrx_word' id='word_1_274' title='bbox 816 3373 862 3432; x_wconf 81' lang='lat'>27.</span> <span class='ocrx_word' id='word_1_275' title='bbox 886 3359 1004 3417; x_wconf 93' lang='lat' dir='ltr'>Horum</span> <span class='ocrx_word' id='word_1_276' title='bbox 1018 3357 1149 3418; x_wconf 91' lang='lat' dir='ltr'>adventu</span> 
     </span>
     <span class='ocr_line' id='line_1_34' title="bbox 144 3449 1179 3526; baseline -0.018 -10"><span class='ocrx_word' id='word_1_277' title='bbox 144 3465 227 3516; x_wconf 82' lang='lat' dir='ltr'>tanta</span> <span class='ocrx_word' id='word_1_278' title='bbox 252 3471 354 3514; x_wconf 86' lang='lat' dir='ltr'>rerum</span> <span class='ocrx_word' id='word_1_279' title='bbox 378 3449 574 3513; x_wconf 91' lang='lat' dir='ltr'>commutatio</span> <span class='ocrx_word' id='word_1_280' title='bbox 601 3461 647 3513; x_wconf 92' lang='lat' dir='ltr'>est</span> <span class='ocrx_word' id='word_1_281' title='bbox 678 3452 772 3526; x_wconf 80' lang='lat' dir='ltr'>lacta,</span> <span class='ocrx_word' id='word_1_282' title='bbox 794 3461 835 3512; x_wconf 76' lang='lat' dir='ltr'>ut</span> <span class='ocrx_word' id='word_1_283' title='bbox 858 3450 965 3509; x_wconf 57' lang='lat' dir='ltr'>nostr&amp;</span> <span class='ocrx_word' id='word_1_284' title='bbox 988 3450 1091 3506; x_wconf 56' lang='lat' dir='ltr'>etum</span> <span class='ocrx_word' id='word_1_285' title='bbox 1114 3451 1179 3511; x_wconf 44' lang='lat' dir='ltr'>dxix</span> 
     </span>
    </p>
   </div>
   <div class='ocr_carea' id='block_1_5' title="bbox 0 0 1253 3796">
    <p class='ocr_par' dir='ltr' id='par_1_5' title="bbox 0 0 1253 3796">
     <span class='ocr_line' id='line_1_35' title="bbox 0 0 1253 3796; baseline 0 0"><span class='ocrx_word' id='word_1_286' title='bbox 0 0 1253 3796; x_wconf 95' lang='lat' dir='ltr'> </span> 
     </span>
    </p>
   </div>
  </div>
 </body>
</html>
