2476 3796
85 199 88 203 ’
133 217 168 255 22
384 196 461 282 ¹na
483 165 634 254 narro
667 191 860 254 GArrrco

130 344 169 384 ne
183 323 338 395 accideret,
353 343 462 401 magno
477 343 566 401 opere
580 322 635 383 sibi
650 323 887 400 praecavendum
909 323 1018 382 Caesar
1038 318 1132 381 existi·
1162 384 1166 390 ,

130 425 238 482 mabat.
281 425 421 499 Namque
435 423 568 482 omnium
582 442 686 497 rerum,
700 442 777 498 quae
791 424 830 482 ad
839 424 950 482 bellum
964 421 1031 480 usui
1039 430 1130 494 erant,

130 540 248 580 summa
271 531 332 580 erat
356 519 388 579 in
415 540 452 581 eo
475 521 587 597 oppido
608 522 740 592 facultas,
765 521 856 596 idque
883 530 987 579 natura
1006 519 1066 580 loci
1086 519 1130 578 sic

131 617 326 690 muniebatur,
341 629 374 677 ut
388 637 526 695 magnam
540 618 579 677 ad
594 619 766 679 ducendum
785 619 897 678 bellum
912 618 994 677 daret
1012 618 1132 676 faculta-

100 735 116 794 5
131 728 200 790 tem,
216 728 371 794 propterea
386 719 467 793 quod
482 718 591 776 flumen
607 716 704 776 Dubis
718 727 751 776 ut
765 714 876 774 circino
896 714 1133 775 circumductum

130 835 226 893 paene
247 826 344 874 toturn
368 815 513 892 oppidum
536 815 644 892 cingit;
664 815 810 890 reliquum
833 813 969 889 spatium,
985 813 1067 890 quod
1088 823 1133 873 est

130 931 192 970 non
213 913 340 988 amplius
360 914 472 989 pedum
493 913 573 972 mille
598 924 813 983 sexcentorum,
835 931 894 988 qua
914 912 1024 970 flumen
1048 911 1134 970 inter-

131 1009 228 1084 mittit,
244 1031 331 1070 mons
345 1011 479 1070 continet
493 1031 601 1088 magna
614 1011 776 1083 altitudine,
792 1010 841 1082 ita,
854 1020 887 1069 ut
900 1009 1014 1068 radices
1023 1009 1133 1069 montis

131 1128 168 1167 ex
189 1120 313 1184 utraque
335 1121 417 1186 parte
437 1110 517 1186 ripae
538 1109 667 1168 fluminis
688 1109 870 1186 contingant.
912 1111 1005 1167 Hunc
1032 1127 1134 1168 murus

83 1207 329 1266 rocircumdatus
350 1226 449 1267 arcem
470 1207 559 1266 efficit
579 1219 609 1268 et
631 1227 700 1266 cum
722 1208 833 1285 oppido
855 1206 1014 1285 coniungit.
1037 1237 1040 1247 ·
1060 1210 1133 1266 Huc

133 1308 243 1367 Caesar
269 1307 383 1384 magnis
416 1306 568 1366 nocturnis
599 1305 769 1382 diurnisque
800 1306 951 1365 itineribus
979 1305 1134 1365 contendit

131 1417 339 1483 occupatoque
364 1406 476 1482 oppido
504 1405 545 1466 ibi
573 1405 753 1482 praesidium
781 1408 915 1465 collocat.
959 1425 1006 1482 39.
1051 1408 1133 1465 Dum

131 1521 244 1579 paucos
256 1503 318 1561 dies
331 1503 369 1560 ad
384 1501 600 1561 Vesontionem
614 1502 656 1561 rei
670 1502 876 1561 frumentariae
890 1512 1134 1576 commeatusque

132 1615 222 1654 causa
235 1607 373 1668 moratur,
390 1615 427 1663 ex
444 1595 668 1673 percontatione
685 1606 853 1655 nostrorum
872 1595 1053 1670 vocibusque
1068 1596 1135 1654 Gal-

84 1715 119 1775 15
133 1696 229 1752 lorum
251 1705 281 1753 et
304 1705 510 1767 mercatomm,
533 1694 584 1770 qui
612 1694 724 1770 ingenti
747 1695 951 1771 magnitudine
978 1714 1135 1772 corporum

135 1792 307 1865 Germanos,
331 1791 496 1851 incredibili
521 1792 626 1852 virtute
648 1803 738 1868 atque
759 1792 968 1852 exercitatione
989 1791 1020 1851 in
1044 1791 1133 1851 armis

134 1906 198 1946 esse
221 1886 431 1963 praedicabant
452 1889 677 1967 (saepenumero
702 1908 766 1949 sese
795 1910 864 1948 cum
891 1889 937 1948 his
961 1908 1134 1966 congressos

132 2002 172 2043 ne
191 1986 307 2042 vultum
332 1983 454 2059 quidem
476 1995 567 2060 atque
594 1983 689 2044 aciem
711 1986 866 2045 oculorum
893 1985 1034 2045 dicebant
1060 1987 1135 2045 serre

131 2082 285 2160 potuisse),
302 2094 400 2143 tantus
424 2084 522 2143 subito
539 2083 628 2143 timor
649 2104 771 2144 omnem
793 2085 953 2145 exercitum
971 2084 1133 2160 occupavit,

84 2208 119 2246 20
132 2192 164 2240 ut
182 2202 244 2240 non
263 2181 450 2241 mediocriter
469 2182 602 2241 omnium
620 2194 735 2243 mentes
752 2183 927 2260 animosque
943 2184 1132 2260 perturbaret.

133 2280 195 2339 Hic
223 2281 351 2358 primum
374 2291 454 2340 ortus
475 2290 520 2340 est
540 2300 559 2339 a
587 2280 710 2341 tribunis
731 2281 868 2355 militum,
890 2281 1045 2359 praefectis
1072 2281 1147 2358 reli-¹

132 2379 266 2457 quisque,
283 2379 334 2456 qui
356 2398 393 2438 ex
412 2381 485 2438 urbe
502 2378 650 2438 amicitiae
673 2399 763 2439 causa
780 2382 940 2440 Caesarem
960 2379 1052 2439 secuti
1073 2399 1136 2440 non

132 2497 273 2554 magnum
295 2477 326 2536 in
348 2497 379 2536 re
405 2476 523 2535 militari
539 2495 624 2536 usum
646 2478 815 2539 habebant:
838 2497 964 2554 quorum
988 2477 1063 2537 alius
1079 2476 1137 2538 alia

132 2597 222 2637 causa
235 2577 323 2650 illata,
345 2570 434 2652 quain
458 2575 514 2635 sibi
531 2576 569 2634 ad
593 2575 841 2652 proficiscendum
860 2574 1055 2634 necessariam
1071 2593 1137 2634 esse

83 2697 118 2757 25
132 2676 252 2749 diceret,
264 2675 392 2752 petebat,
405 2685 437 2734 ut
452 2674 514 2734 eius
528 2675 681 2733 voluntate
696 2673 848 2733 discedere
858 2672 977 2734 liceret:
1000 2672 1137 2740 nonnulli

132 2774 246 2849 pudore
256 2771 386 2845 adducti,
398 2781 431 2830 ut
445 2771 558 2831 timoris
573 2771 771 2848 suspicionem
785 2771 918 2844 vitarent,
933 2771 1134 2831 remanebant.

134 2872 178 2931 Hi
202 2891 299 2947 neque
321 2873 435 2932 vultum
453 2872 563 2948 fingere
584 2890 682 2946 neque
706 2870 856 2930 interdum
877 2870 1013 2930 lacrimas
1034 2881 1136 2930 tenere

132 2979 286 3047 poterant:
317 2969 411 3028 abditi
426 2967 458 3026 in
477 2967 675 3028 tabernaculis
691 2979 743 3028 aut
760 2988 848 3028 suum
862 2970 956 3028 fatum
975 2968 1137 3044 quereban-

134 3077 188 3139 tur,
203 3078 254 3126 aut
271 3086 340 3125 cum
360 3065 551 3126 familiaribus
573 3065 632 3126 suis
652 3085 812 3126 commune
834 3066 998 3144 periculum
1019 3065 1137 3126 misera-

83 3190 123 3246 30
134 3167 248 3226 bantur.
271 3167 369 3241 Volgo
381 3165 450 3224 totis
461 3164 563 3224 castris
574 3175 752 3224 testamenta
763 3165 1000 3242 obsignabantur.
1017 3166 1138 3224 Horum

135 3263 259 3324 vocibus
278 3284 312 3323 ac
331 3263 597 3340 timore‘paulatim
614 3263 703 3324 etiam
717 3263 753 3336 ei,
769 3264 821 3341 qui
835 3284 976 3342 magnum
989 3263 1021 3323 in
1035 3263 1137 3324 castris
1188 3341 1193 3345 ἢ

137 3382 224 3422 usum
251 3362 407 3434 habebant,
436 3361 544 3422 milites
572 3361 818 3440 centurionesque
850 3363 961 3440 quique
991 3360 1136 3437 equitatui

110 3471 287 3533 praeerant,
310 3460 575 3538 perturbabantur.
620 3460 683 3541 Qui
702 3481 736 3524 se
758 3481 797 3524 ex
822 3460 868 3523 his
894 3461 993 3522 minus
1013 3459 1136 3523 timidos
